[
  {
    "id": "1446",
    "name": "Gurka Klass1",
    "fullName": "Gurka Klass1",
    "gtin": "74597",
    "url": "/varor/gurka/gurka-klass1",
    "images": {
      "SMALL": "//static.mathem.se/shared/images/products/small/gurka-klass1-4.jpg",
      "MEDIUM": "//static.mathem.se/shared/images/products/medium/gurka-klass1-4.jpg",
      "LARGE": "//static.mathem.se/shared/images/products/large/gurka-klass1-4.jpg",
      "ORIGINAL": "//static.mathem.se/shared/images/products/original/gurka-klass1-4.jpg"
    },
    "defaultQuantity": 0,
    "price": 21.95,
    "recyleFee": 0,
    "quantity": 333,
    "unit": "g",
    "approximateQuantity": false,
    "comparisonPrice": 65.92,
    "comparisonUnit": "kg",
    "amountInPackage": 0,
    "deliverableWeekdays": [],
    "discount": {
      "discountType": "MULTI_DISCOUNT",
      "campaignType": "MULTI_PRICE",
      "id": 1700165,
      "quantityToBeBought": 2,
      "discountCountLimit": 0,
      "discountUsageLimitOnAllOrders": 0,
      "discountMessage": null,
      "discountText": null,
      "displayPrice": 39,
      "price": 39,
      "unitPrice": 19.5,
      "comparisonPrice": 58.56,
      "savings": 2.45,
      "percentageSavings": 11,
      "allowedMemberTypes": null
    },
    "department": {
      "id": 12,
      "name": "Frukt & Grönt",
      "url": "frukt-o-gront",
      "atHome": false
    },
    "category": {
      "name": "Frukt & Grönt"
    },
    "categoryAncestry": [
      {
        "id": 816,
        "name": "Gurka",
        "url": "gurka"
      },
      {
        "id": 3227,
        "name": "Grönsaker",
        "url": "gronsaker"
      },
      {
        "id": 12,
        "name": "Frukt & Grönt",
        "url": "frukt-o-gront"
      }
    ],
    "brand": {
      "id": 3505,
      "name": "Frukt & Grönt",
      "url": "frukt-o-gront"
    },
    "supplier": {
      "id": 6516,
      "name": "Allfrukt",
      "url": "allfrukt"
    },
    "badges": [
      {
        "id": 2209,
        "name": "Svenskt ursprung",
        "imageUrl": "svenskt.png",
        "toolTip": "Svenskt ursprung"
      }
    ],
    "preferences": {
      "dietary": [],
      "labels": [
        {
          "name": "Svenskt ursprung"
        }
      ]
    },
    "availability": "AVAILABLE",
    "subscriptionProduct": false,
    "origin": {
      "id": 73,
      "name": "Sverige",
      "icon": "Sverige.gif"
    },
    "ageRestriction": false,
    "isWine": false,
    "rating": {
      "avgRating": 2,
      "votes": 56
    },
    "productPlacement": false,
    "_score": 435.48163,
    "subtitle": null,
    "externalUrl": null,
    "soldBy": "mathem",
    "showSoldBy": false,
    "disclaimer": null,
    "pharmacyInformation": null,
    "siteRestrictions": {
      "openOrder": {
        "add": "Allowed",
        "edit": "Allowed",
        "remove": "Allowed"
      }
    },
    "shops": [
      {
        "id": "1",
        "name": "mathem"
      }
    ]
  },
  {
    "id": "101661",
    "name": "Salladsmix nr.5 EKO Färdigsköljd",
    "fullName": "Salladsmix nr.5 EKO Färdigsköljd  65g Klass1",
    "gtin": "7330583993325",
    "url": "/varor/salladsmix/salladsmix-nr-5-eko-fardigskoljd--65g-klass1",
    "images": {
      "SMALL": "//static.mathem.se/shared/images/products/small/salladsmix-nr-5-eko-65g-fardigskoljd-klass1.jpg",
      "MEDIUM": "//static.mathem.se/shared/images/products/medium/salladsmix-nr-5-eko-65g-fardigskoljd-klass1.jpg",
      "LARGE": "//static.mathem.se/shared/images/products/large/salladsmix-nr-5-eko-65g-fardigskoljd-klass1.jpg",
      "ORIGINAL": "//static.mathem.se/shared/images/products/original/salladsmix-nr-5-eko-65g-fardigskoljd-klass1.jpg"
    },
    "defaultQuantity": 0,
    "price": 24.95,
    "recyleFee": 0,
    "quantity": 65,
    "unit": "g",
    "approximateQuantity": false,
    "comparisonPrice": 383.85,
    "comparisonUnit": "kg",
    "amountInPackage": 1,
    "deliverableWeekdays": [],
    "discount": {
      "discountType": "PRODUCT_DISCOUNT",
      "campaignType": "WEEKLY",
      "id": 1709192,
      "quantityToBeBought": 1,
      "discountCountLimit": 0,
      "discountUsageLimitOnAllOrders": 0,
      "discountMessage": null,
      "discountText": null,
      "displayPrice": 15,
      "price": 15,
      "unitPrice": 15,
      "comparisonPrice": 230.77,
      "savings": 9.95,
      "percentageSavings": 39,
      "allowedMemberTypes": null
    },
    "department": {
      "id": 12,
      "name": "Frukt & Grönt",
      "url": "frukt-o-gront",
      "atHome": false
    },
    "category": {
      "name": "Frukt & Grönt"
    },
    "categoryAncestry": [
      {
        "id": 2197,
        "name": "Salladsmix",
        "url": "salladsmix"
      },
      {
        "id": 165,
        "name": "Sallat",
        "url": "sallat"
      },
      {
        "id": 3227,
        "name": "Grönsaker",
        "url": "gronsaker"
      },
      {
        "id": 12,
        "name": "Frukt & Grönt",
        "url": "frukt-o-gront"
      }
    ],
    "brand": {
      "id": 16936,
      "name": "Greenest",
      "url": "greenest"
    },
    "supplier": {
      "id": 16936,
      "name": "Greenest",
      "url": "greenest"
    },
    "badges": [
      {
        "id": 2167,
        "name": "Ekologisk",
        "imageUrl": "ekoIcon.png",
        "toolTip": "Ekologisk"
      }
    ],
    "preferences": {
      "dietary": [],
      "labels": [
        {
          "name": "Ekologisk"
        }
      ]
    },
    "availability": "AVAILABLE",
    "subscriptionProduct": false,
    "origin": {
      "id": 403,
      "name": "Italy",
      "icon": null
    },
    "ageRestriction": false,
    "isWine": false,
    "rating": {
      "avgRating": 2,
      "votes": 107
    },
    "productPlacement": false,
    "_score": 423.48163,
    "subtitle": null,
    "externalUrl": null,
    "soldBy": "mathem",
    "showSoldBy": false,
    "disclaimer": null,
    "pharmacyInformation": null,
    "siteRestrictions": {
      "openOrder": {
        "add": "Allowed",
        "edit": "Allowed",
        "remove": "Allowed"
      }
    },
    "shops": [
      {
        "id": "1",
        "name": "mathem"
      }
    ]
  },
  {
    "id": "22102",
    "name": "Broccoli 250g Klass1",
    "fullName": "Broccoli 250g Klass1",
    "gtin": "74060",
    "url": "/varor/broccoli-farsk/broccoli-250g-klass1",
    "images": {
      "SMALL": "//static.mathem.se/shared/images/products/small/broccoli-250g-klass1-1.jpg",
      "MEDIUM": "//static.mathem.se/shared/images/products/medium/broccoli-250g-klass1-1.jpg",
      "LARGE": "//static.mathem.se/shared/images/products/large/broccoli-250g-klass1-1.jpg",
      "ORIGINAL": "//static.mathem.se/shared/images/products/original/broccoli-250g-klass1-1.jpg"
    },
    "defaultQuantity": 0,
    "price": 17.95,
    "recyleFee": 0,
    "quantity": 250,
    "unit": "g",
    "approximateQuantity": false,
    "comparisonPrice": 71.8,
    "comparisonUnit": "kg",
    "amountInPackage": 1,
    "deliverableWeekdays": [],
    "discount": {
      "discountType": "MULTI_DISCOUNT",
      "campaignType": "MULTI_PRICE",
      "id": 1650687,
      "quantityToBeBought": 2,
      "discountCountLimit": 0,
      "discountUsageLimitOnAllOrders": 0,
      "discountMessage": null,
      "discountText": null,
      "displayPrice": 30,
      "price": 30,
      "unitPrice": 15,
      "comparisonPrice": 60,
      "savings": 2.95,
      "percentageSavings": 16,
      "allowedMemberTypes": null
    },
    "department": {
      "id": 12,
      "name": "Frukt & Grönt",
      "url": "frukt-o-gront",
      "atHome": false
    },
    "category": {
      "name": "Frukt & Grönt"
    },
    "categoryAncestry": [
      {
        "id": 3257,
        "name": "Broccoli Färsk",
        "url": "broccoli-farsk"
      },
      {
        "id": 487,
        "name": "Broccoli",
        "url": "broccoli"
      },
      {
        "id": 3227,
        "name": "Grönsaker",
        "url": "gronsaker"
      },
      {
        "id": 12,
        "name": "Frukt & Grönt",
        "url": "frukt-o-gront"
      }
    ],
    "brand": {
      "id": 3505,
      "name": "Frukt & Grönt",
      "url": "frukt-o-gront"
    },
    "supplier": {
      "id": 6516,
      "name": "Allfrukt",
      "url": "allfrukt"
    },
    "badges": [
      {
        "id": 2209,
        "name": "Svenskt ursprung",
        "imageUrl": "svenskt.png",
        "toolTip": "Svenskt ursprung"
      }
    ],
    "preferences": {
      "dietary": [],
      "labels": [
        {
          "name": "Svenskt ursprung"
        }
      ]
    },
    "availability": "AVAILABLE",
    "subscriptionProduct": false,
    "origin": {
      "id": 73,
      "name": "Sverige",
      "icon": "Sverige.gif"
    },
    "ageRestriction": false,
    "isWine": false,
    "rating": {
      "avgRating": 3,
      "votes": 19
    },
    "productPlacement": false,
    "_score": 423.48163,
    "subtitle": null,
    "externalUrl": null,
    "soldBy": "mathem",
    "showSoldBy": false,
    "disclaimer": null,
    "pharmacyInformation": null,
    "siteRestrictions": {
      "openOrder": {
        "add": "Allowed",
        "edit": "Allowed",
        "remove": "Allowed"
      }
    },
    "shops": [
      {
        "id": "1",
        "name": "mathem"
      }
    ]
  },
  {
    "id": "80999",
    "name": "Morötter",
    "fullName": "Morötter 500g Klass1",
    "gtin": "7311041043240",
    "url": "/varor/vanliga-morotter/morotter-500g-klass1",
    "images": {
      "SMALL": "//static.mathem.se/shared/images/products/small/morotter-500g-klass1-1.jpg",
      "MEDIUM": "//static.mathem.se/shared/images/products/medium/morotter-500g-klass1-1.jpg",
      "LARGE": "//static.mathem.se/shared/images/products/large/morotter-500g-klass1-1.jpg",
      "ORIGINAL": "//static.mathem.se/shared/images/products/original/morotter-500g-klass1-1.jpg"
    },
    "defaultQuantity": 0,
    "price": 12.95,
    "recyleFee": 0,
    "quantity": 500,
    "unit": "g",
    "approximateQuantity": false,
    "comparisonPrice": 25.9,
    "comparisonUnit": "kg",
    "amountInPackage": 8,
    "deliverableWeekdays": [],
    "discount": null,
    "department": {
      "id": 12,
      "name": "Frukt & Grönt",
      "url": "frukt-o-gront",
      "atHome": false
    },
    "category": {
      "name": "Frukt & Grönt"
    },
    "categoryAncestry": [
      {
        "id": 3767,
        "name": "Vanliga morötter",
        "url": "farska-morotter"
      },
      {
        "id": 175,
        "name": "Morötter",
        "url": "morotter"
      },
      {
        "id": 4781,
        "name": "Rotfrukter",
        "url": "rotfrukter"
      },
      {
        "id": 3227,
        "name": "Grönsaker",
        "url": "gronsaker"
      },
      {
        "id": 12,
        "name": "Frukt & Grönt",
        "url": "frukt-o-gront"
      }
    ],
    "brand": {
      "id": 3505,
      "name": "Frukt & Grönt",
      "url": "frukt-o-gront"
    },
    "supplier": {
      "id": 6516,
      "name": "Allfrukt",
      "url": "allfrukt"
    },
    "badges": [
      {
        "id": 2209,
        "name": "Svenskt ursprung",
        "imageUrl": "svenskt.png",
        "toolTip": "Svenskt ursprung"
      }
    ],
    "preferences": {
      "dietary": [],
      "labels": [
        {
          "name": "Svenskt ursprung"
        }
      ]
    },
    "availability": "AVAILABLE",
    "subscriptionProduct": false,
    "origin": {
      "id": 73,
      "name": "Sverige",
      "icon": "Sverige.gif"
    },
    "ageRestriction": false,
    "isWine": false,
    "rating": {
      "avgRating": 3,
      "votes": 24
    },
    "productPlacement": false,
    "_score": 417.48163,
    "subtitle": null,
    "externalUrl": null,
    "soldBy": "mathem",
    "showSoldBy": false,
    "disclaimer": null,
    "pharmacyInformation": null,
    "siteRestrictions": {
      "openOrder": {
        "add": "Allowed",
        "edit": "Allowed",
        "remove": "Allowed"
      }
    },
    "shops": [
      {
        "id": "1",
        "name": "mathem"
      }
    ]
  },
  {
    "id": "93695",
    "name": "Baby Plommontomater",
    "fullName": "Baby Plommontomater 250g Klass1",
    "gtin": "7311041045206",
    "url": "/varor/miniplommontomater/baby-plommontomater-250g-klass1",
    "images": {
      "SMALL": "//static.mathem.se/shared/images/products/small/baby-plommontomater-250g-klass1-2.jpg",
      "MEDIUM": "//static.mathem.se/shared/images/products/medium/baby-plommontomater-250g-klass1-2.jpg",
      "LARGE": "//static.mathem.se/shared/images/products/large/baby-plommontomater-250g-klass1-2.jpg",
      "ORIGINAL": "//static.mathem.se/shared/images/products/original/baby-plommontomater-250g-klass1-2.jpg"
    },
    "defaultQuantity": 0,
    "price": 24.95,
    "recyleFee": 0,
    "quantity": 250,
    "unit": "g",
    "approximateQuantity": false,
    "comparisonPrice": 99.8,
    "comparisonUnit": "kg",
    "amountInPackage": 0,
    "deliverableWeekdays": [],
    "discount": {
      "discountType": "MULTI_DISCOUNT",
      "campaignType": "MULTI_PRICE",
      "id": 1660251,
      "quantityToBeBought": 2,
      "discountCountLimit": 0,
      "discountUsageLimitOnAllOrders": 0,
      "discountMessage": null,
      "discountText": null,
      "displayPrice": 40,
      "price": 40,
      "unitPrice": 20,
      "comparisonPrice": 80,
      "savings": 4.95,
      "percentageSavings": 19,
      "allowedMemberTypes": null
    },
    "department": {
      "id": 12,
      "name": "Frukt & Grönt",
      "url": "frukt-o-gront",
      "atHome": false
    },
    "category": {
      "name": "Frukt & Grönt"
    },
    "categoryAncestry": [
      {
        "id": 2191,
        "name": "Miniplommontomater",
        "url": "miniplommontomater"
      },
      {
        "id": 160,
        "name": "Tomater",
        "url": "tomater"
      },
      {
        "id": 3227,
        "name": "Grönsaker",
        "url": "gronsaker"
      },
      {
        "id": 12,
        "name": "Frukt & Grönt",
        "url": "frukt-o-gront"
      }
    ],
    "brand": {
      "id": 3505,
      "name": "Frukt & Grönt",
      "url": "frukt-o-gront"
    },
    "supplier": {
      "id": 6516,
      "name": "Allfrukt",
      "url": "allfrukt"
    },
    "badges": [],
    "preferences": {
      "dietary": [],
      "labels": []
    },
    "availability": "AVAILABLE",
    "subscriptionProduct": false,
    "origin": {
      "id": 90,
      "name": "Spanien",
      "icon": null
    },
    "ageRestriction": false,
    "isWine": false,
    "rating": {
      "avgRating": 3,
      "votes": 28
    },
    "productPlacement": false,
    "_score": 411.48163,
    "subtitle": null,
    "externalUrl": null,
    "soldBy": "mathem",
    "showSoldBy": false,
    "disclaimer": null,
    "pharmacyInformation": null,
    "siteRestrictions": {
      "openOrder": {
        "add": "Allowed",
        "edit": "Allowed",
        "remove": "Allowed"
      }
    },
    "shops": [
      {
        "id": "1",
        "name": "mathem"
      }
    ]
  },
  {
    "id": "1237",
    "name": "Paprika Röd Klass1",
    "fullName": "Paprika Röd Klass1",
    "gtin": "4088",
    "url": "/varor/rod-paprika/paprika-rod-klass1",
    "images": {
      "SMALL": "//static.mathem.se/shared/images/products/small/paprika-rod-klass1-7.jpg",
      "MEDIUM": "//static.mathem.se/shared/images/products/medium/paprika-rod-klass1-7.jpg",
      "LARGE": "//static.mathem.se/shared/images/products/large/paprika-rod-klass1-7.jpg",
      "ORIGINAL": "//static.mathem.se/shared/images/products/original/paprika-rod-klass1-7.jpg"
    },
    "defaultQuantity": 0,
    "price": 12.95,
    "recyleFee": 0,
    "quantity": 160,
    "unit": "g",
    "approximateQuantity": false,
    "comparisonPrice": 80.94,
    "comparisonUnit": "kg",
    "amountInPackage": 2,
    "deliverableWeekdays": [],
    "discount": {
      "discountType": "MIX_MATCH",
      "campaignType": "WEEKLY",
      "id": 1600608,
      "quantityToBeBought": 2,
      "discountCountLimit": 0,
      "discountUsageLimitOnAllOrders": 0,
      "discountMessage": null,
      "discountText": null,
      "displayPrice": 20,
      "price": 20,
      "unitPrice": 10,
      "comparisonPrice": 62.5,
      "savings": 2.95,
      "percentageSavings": 22,
      "allowedMemberTypes": null
    },
    "department": {
      "id": 12,
      "name": "Frukt & Grönt",
      "url": "frukt-o-gront",
      "atHome": false
    },
    "category": {
      "name": "Frukt & Grönt"
    },
    "categoryAncestry": [
      {
        "id": 793,
        "name": "Röd Paprika",
        "url": "rod-paprika"
      },
      {
        "id": 169,
        "name": "Paprika",
        "url": "paprika"
      },
      {
        "id": 3227,
        "name": "Grönsaker",
        "url": "gronsaker"
      },
      {
        "id": 12,
        "name": "Frukt & Grönt",
        "url": "frukt-o-gront"
      }
    ],
    "brand": {
      "id": 3505,
      "name": "Frukt & Grönt",
      "url": "frukt-o-gront"
    },
    "supplier": {
      "id": 6516,
      "name": "Allfrukt",
      "url": "allfrukt"
    },
    "badges": [],
    "preferences": {
      "dietary": [],
      "labels": []
    },
    "availability": "AVAILABLE",
    "subscriptionProduct": false,
    "origin": {
      "id": 88,
      "name": "Holland",
      "icon": null
    },
    "ageRestriction": false,
    "isWine": false,
    "rating": {
      "avgRating": 2,
      "votes": 19
    },
    "productPlacement": false,
    "_score": 411.48163,
    "subtitle": null,
    "externalUrl": null,
    "soldBy": "mathem",
    "showSoldBy": false,
    "disclaimer": null,
    "pharmacyInformation": null,
    "siteRestrictions": {
      "openOrder": {
        "add": "Allowed",
        "edit": "Allowed",
        "remove": "Allowed"
      }
    },
    "shops": [
      {
        "id": "1",
        "name": "mathem"
      }
    ]
  },
  {
    "id": "1490",
    "name": "Kvisttomater 500g Klass1",
    "fullName": "Kvisttomater 500g Klass1",
    "gtin": "4807",
    "url": "/varor/kvisttomater/kvisttomater-500g-klass1",
    "images": {
      "SMALL": "//static.mathem.se/shared/images/products/small/kvisttomater-500g-klass1-2.jpg",
      "MEDIUM": "//static.mathem.se/shared/images/products/medium/kvisttomater-500g-klass1-2.jpg",
      "LARGE": "//static.mathem.se/shared/images/products/large/kvisttomater-500g-klass1-2.jpg",
      "ORIGINAL": "//static.mathem.se/shared/images/products/original/kvisttomater-500g-klass1-2.jpg"
    },
    "defaultQuantity": 0,
    "price": 29.95,
    "recyleFee": 0,
    "quantity": 500,
    "unit": "g",
    "approximateQuantity": false,
    "comparisonPrice": 59.9,
    "comparisonUnit": "kg",
    "amountInPackage": 5,
    "deliverableWeekdays": [],
    "discount": null,
    "department": {
      "id": 12,
      "name": "Frukt & Grönt",
      "url": "frukt-o-gront",
      "atHome": false
    },
    "category": {
      "name": "Frukt & Grönt"
    },
    "categoryAncestry": [
      {
        "id": 2120,
        "name": "Kvisttomater",
        "url": "kvisttomater"
      },
      {
        "id": 160,
        "name": "Tomater",
        "url": "tomater"
      },
      {
        "id": 3227,
        "name": "Grönsaker",
        "url": "gronsaker"
      },
      {
        "id": 12,
        "name": "Frukt & Grönt",
        "url": "frukt-o-gront"
      }
    ],
    "brand": {
      "id": 3505,
      "name": "Frukt & Grönt",
      "url": "frukt-o-gront"
    },
    "supplier": {
      "id": 6516,
      "name": "Allfrukt",
      "url": "allfrukt"
    },
    "badges": [],
    "preferences": {
      "dietary": [],
      "labels": []
    },
    "availability": "AVAILABLE",
    "subscriptionProduct": false,
    "origin": {
      "id": 88,
      "name": "Holland",
      "icon": null
    },
    "ageRestriction": false,
    "isWine": false,
    "rating": {
      "avgRating": 2,
      "votes": 39
    },
    "productPlacement": false,
    "_score": 407.48163,
    "subtitle": null,
    "externalUrl": null,
    "soldBy": "mathem",
    "showSoldBy": false,
    "disclaimer": null,
    "pharmacyInformation": null,
    "siteRestrictions": {
      "openOrder": {
        "add": "Allowed",
        "edit": "Allowed",
        "remove": "Allowed"
      }
    },
    "shops": [
      {
        "id": "1",
        "name": "mathem"
      }
    ]
  },
  {
    "id": "81000",
    "name": "Morötter",
    "fullName": "Morötter 1kg Klass1",
    "gtin": "7311041043257",
    "url": "/varor/vanliga-morotter/morotter-1kg-klass1",
    "images": {
      "SMALL": "//static.mathem.se/shared/images/products/small/morotter-1kg-klass1-1.jpg",
      "MEDIUM": "//static.mathem.se/shared/images/products/medium/morotter-1kg-klass1-1.jpg",
      "LARGE": "//static.mathem.se/shared/images/products/large/morotter-1kg-klass1-1.jpg",
      "ORIGINAL": "//static.mathem.se/shared/images/products/original/morotter-1kg-klass1-1.jpg"
    },
    "defaultQuantity": 0,
    "price": 17.95,
    "recyleFee": 0,
    "quantity": 1,
    "unit": "kg",
    "approximateQuantity": false,
    "comparisonPrice": 17.95,
    "comparisonUnit": "kg",
    "amountInPackage": 8,
    "deliverableWeekdays": [],
    "discount": null,
    "department": {
      "id": 12,
      "name": "Frukt & Grönt",
      "url": "frukt-o-gront",
      "atHome": false
    },
    "category": {
      "name": "Frukt & Grönt"
    },
    "categoryAncestry": [
      {
        "id": 3767,
        "name": "Vanliga morötter",
        "url": "farska-morotter"
      },
      {
        "id": 175,
        "name": "Morötter",
        "url": "morotter"
      },
      {
        "id": 4781,
        "name": "Rotfrukter",
        "url": "rotfrukter"
      },
      {
        "id": 3227,
        "name": "Grönsaker",
        "url": "gronsaker"
      },
      {
        "id": 12,
        "name": "Frukt & Grönt",
        "url": "frukt-o-gront"
      }
    ],
    "brand": {
      "id": 3505,
      "name": "Frukt & Grönt",
      "url": "frukt-o-gront"
    },
    "supplier": {
      "id": 6516,
      "name": "Allfrukt",
      "url": "allfrukt"
    },
    "badges": [
      {
        "id": 2209,
        "name": "Svenskt ursprung",
        "imageUrl": "svenskt.png",
        "toolTip": "Svenskt ursprung"
      }
    ],
    "preferences": {
      "dietary": [],
      "labels": [
        {
          "name": "Svenskt ursprung"
        }
      ]
    },
    "availability": "AVAILABLE",
    "subscriptionProduct": false,
    "origin": {
      "id": 73,
      "name": "Sverige",
      "icon": "Sverige.gif"
    },
    "ageRestriction": false,
    "isWine": false,
    "rating": {
      "avgRating": 3,
      "votes": 25
    },
    "productPlacement": false,
    "_score": 397.48163,
    "subtitle": null,
    "externalUrl": null,
    "soldBy": "mathem",
    "showSoldBy": false,
    "disclaimer": null,
    "pharmacyInformation": null,
    "siteRestrictions": {
      "openOrder": {
        "add": "Allowed",
        "edit": "Allowed",
        "remove": "Allowed"
      }
    },
    "shops": [
      {
        "id": "1",
        "name": "mathem"
      }
    ]
  },
  {
    "id": "49627",
    "name": "Romansallad Klass1",
    "fullName": "Romansallad Klass1",
    "gtin": "7394048580123",
    "url": "/varor/romansallat/romansallad-klass1",
    "images": {
      "SMALL": "//static.mathem.se/shared/images/products/small/romansallad-klass1-2.jpg",
      "MEDIUM": "//static.mathem.se/shared/images/products/medium/romansallad-klass1-2.jpg",
      "LARGE": "//static.mathem.se/shared/images/products/large/romansallad-klass1-2.jpg",
      "ORIGINAL": "//static.mathem.se/shared/images/products/original/romansallad-klass1-2.jpg"
    },
    "defaultQuantity": 0,
    "price": 14.95,
    "recyleFee": 0,
    "quantity": 250,
    "unit": "g",
    "approximateQuantity": false,
    "comparisonPrice": 59.8,
    "comparisonUnit": "kg",
    "amountInPackage": 1,
    "deliverableWeekdays": [],
    "discount": null,
    "department": {
      "id": 12,
      "name": "Frukt & Grönt",
      "url": "frukt-o-gront",
      "atHome": false
    },
    "category": {
      "name": "Frukt & Grönt"
    },
    "categoryAncestry": [
      {
        "id": 2273,
        "name": "Romansallat",
        "url": "romansallat"
      },
      {
        "id": 165,
        "name": "Sallat",
        "url": "sallat"
      },
      {
        "id": 3227,
        "name": "Grönsaker",
        "url": "gronsaker"
      },
      {
        "id": 12,
        "name": "Frukt & Grönt",
        "url": "frukt-o-gront"
      }
    ],
    "brand": {
      "id": 3505,
      "name": "Frukt & Grönt",
      "url": "frukt-o-gront"
    },
    "supplier": {
      "id": 6516,
      "name": "Allfrukt",
      "url": "allfrukt"
    },
    "badges": [
      {
        "id": 2209,
        "name": "Svenskt ursprung",
        "imageUrl": "svenskt.png",
        "toolTip": "Svenskt ursprung"
      }
    ],
    "preferences": {
      "dietary": [],
      "labels": [
        {
          "name": "Svenskt ursprung"
        }
      ]
    },
    "availability": "AVAILABLE",
    "subscriptionProduct": false,
    "origin": {
      "id": 73,
      "name": "Sverige",
      "icon": "Sverige.gif"
    },
    "ageRestriction": false,
    "isWine": false,
    "rating": {
      "avgRating": 3,
      "votes": 18
    },
    "productPlacement": false,
    "_score": 395.48163,
    "subtitle": null,
    "externalUrl": null,
    "soldBy": "mathem",
    "showSoldBy": false,
    "disclaimer": null,
    "pharmacyInformation": null,
    "siteRestrictions": {
      "openOrder": {
        "add": "Allowed",
        "edit": "Allowed",
        "remove": "Allowed"
      }
    },
    "shops": [
      {
        "id": "1",
        "name": "mathem"
      }
    ]
  },
  {
    "id": "1221",
    "name": "Sallat Isberg Klass1",
    "fullName": "Sallat Isberg Klass1",
    "gtin": "4061",
    "url": "/varor/isbergssallat/sallat-isberg-klass1",
    "images": {
      "SMALL": "//static.mathem.se/shared/images/products/small/sallat-isberg-klass1-1.jpg",
      "MEDIUM": "//static.mathem.se/shared/images/products/medium/sallat-isberg-klass1-1.jpg",
      "LARGE": "//static.mathem.se/shared/images/products/large/sallat-isberg-klass1-1.jpg",
      "ORIGINAL": "//static.mathem.se/shared/images/products/original/sallat-isberg-klass1-1.jpg"
    },
    "defaultQuantity": 0,
    "price": 19.95,
    "recyleFee": 0,
    "quantity": 600,
    "unit": "g",
    "approximateQuantity": false,
    "comparisonPrice": 33.25,
    "comparisonUnit": "kg",
    "amountInPackage": 1,
    "deliverableWeekdays": [],
    "discount": null,
    "department": {
      "id": 12,
      "name": "Frukt & Grönt",
      "url": "frukt-o-gront",
      "atHome": false
    },
    "category": {
      "name": "Frukt & Grönt"
    },
    "categoryAncestry": [
      {
        "id": 791,
        "name": "Isbergssallat",
        "url": "isbergssallat"
      },
      {
        "id": 165,
        "name": "Sallat",
        "url": "sallat"
      },
      {
        "id": 3227,
        "name": "Grönsaker",
        "url": "gronsaker"
      },
      {
        "id": 12,
        "name": "Frukt & Grönt",
        "url": "frukt-o-gront"
      }
    ],
    "brand": {
      "id": 3505,
      "name": "Frukt & Grönt",
      "url": "frukt-o-gront"
    },
    "supplier": {
      "id": 6516,
      "name": "Allfrukt",
      "url": "allfrukt"
    },
    "badges": [
      {
        "id": 2209,
        "name": "Svenskt ursprung",
        "imageUrl": "svenskt.png",
        "toolTip": "Svenskt ursprung"
      }
    ],
    "preferences": {
      "dietary": [],
      "labels": [
        {
          "name": "Svenskt ursprung"
        }
      ]
    },
    "availability": "AVAILABLE",
    "subscriptionProduct": false,
    "origin": {
      "id": 73,
      "name": "Sverige",
      "icon": "Sverige.gif"
    },
    "ageRestriction": false,
    "isWine": false,
    "rating": {
      "avgRating": 2,
      "votes": 38
    },
    "productPlacement": false,
    "_score": 395.48163,
    "subtitle": null,
    "externalUrl": null,
    "soldBy": "mathem",
    "showSoldBy": false,
    "disclaimer": null,
    "pharmacyInformation": null,
    "siteRestrictions": {
      "openOrder": {
        "add": "Allowed",
        "edit": "Allowed",
        "remove": "Allowed"
      }
    },
    "shops": [
      {
        "id": "1",
        "name": "mathem"
      }
    ]
  },
  {
    "id": "53036",
    "name": "Feta",
    "fullName": "Feta 150g Zeta",
    "gtin": "7350002402658",
    "url": "/varor/fetaost/feta-150g-zeta",
    "images": {
      "SMALL": "//static.mathem.se/shared/images/products/small/07350002402658_c1n1.jpg",
      "MEDIUM": "//static.mathem.se/shared/images/products/medium/07350002402658_c1n1.jpg",
      "LARGE": "//static.mathem.se/shared/images/products/large/07350002402658_c1n1.jpg",
      "ORIGINAL": "//static.mathem.se/shared/images/products/original/07350002402658_c1n1.jpg"
    },
    "defaultQuantity": 0,
    "price": 26.95,
    "recyleFee": 0,
    "quantity": 150,
    "unit": "g",
    "approximateQuantity": false,
    "comparisonPrice": 179.67,
    "comparisonUnit": "kg",
    "amountInPackage": 1,
    "deliverableWeekdays": [],
    "discount": {
      "discountType": "PRODUCT_DISCOUNT",
      "campaignType": "WEEKLY",
      "id": 1687193,
      "quantityToBeBought": 1,
      "discountCountLimit": 0,
      "discountUsageLimitOnAllOrders": 0,
      "discountMessage": null,
      "discountText": null,
      "displayPrice": 19,
      "price": 19,
      "unitPrice": 19,
      "comparisonPrice": 126.67,
      "savings": 7.95,
      "percentageSavings": 29,
      "allowedMemberTypes": null
    },
    "department": {
      "id": 19,
      "name": "Mejeri & Ost",
      "url": "mejeri-o-ost",
      "atHome": false
    },
    "category": {
      "name": "Mejeri, Ost & Ägg"
    },
    "categoryAncestry": [
      {
        "id": 366,
        "name": "Fetaost",
        "url": "fetaost"
      },
      {
        "id": 2,
        "name": "Ost",
        "url": "ost"
      },
      {
        "id": 19,
        "name": "Mejeri & Ost",
        "url": "mejeri-o-ost"
      }
    ],
    "brand": {
      "id": 1760,
      "name": "Zeta",
      "url": "zeta"
    },
    "supplier": {
      "id": 6864,
      "name": "Di Luca & Di Luca AB",
      "url": "di-luca-o-di-luca-ab"
    },
    "badges": [],
    "preferences": {
      "dietary": [],
      "labels": []
    },
    "availability": "AVAILABLE",
    "subscriptionProduct": false,
    "origin": {
      "id": 77,
      "name": "Grekland",
      "icon": "Grekland.gif"
    },
    "ageRestriction": false,
    "isWine": false,
    "rating": {
      "avgRating": 3,
      "votes": 39
    },
    "productPlacement": false,
    "_score": 390.71213,
    "subtitle": null,
    "externalUrl": null,
    "soldBy": null,
    "showSoldBy": false,
    "disclaimer": null,
    "pharmacyInformation": null,
    "siteRestrictions": {
      "openOrder": {
        "add": "Allowed",
        "edit": "Allowed",
        "remove": "Allowed"
      }
    },
    "shops": [
      {
        "id": "1",
        "name": "mathem"
      }
    ]
  },
  {
    "id": "29453",
    "name": "Herrgård 28%",
    "fullName": "Herrgård 28% ca 700g Arla",
    "gtin": "2340418100007",
    "url": "/varor/herrgardsost/herrgardsost-28--ca-667g-arla",
    "images": {
      "SMALL": "//static.mathem.se/shared/images/products/small/02340418100007_c1l1.jpg",
      "MEDIUM": "//static.mathem.se/shared/images/products/medium/02340418100007_c1l1.jpg",
      "LARGE": "//static.mathem.se/shared/images/products/large/02340418100007_c1l1.jpg",
      "ORIGINAL": "//static.mathem.se/shared/images/products/original/02340418100007_c1l1.jpg"
    },
    "defaultQuantity": 0,
    "price": 78,
    "recyleFee": 0,
    "quantity": 700,
    "unit": "g",
    "approximateQuantity": true,
    "comparisonPrice": 111.43,
    "comparisonUnit": "kg",
    "amountInPackage": 1,
    "deliverableWeekdays": [],
    "discount": null,
    "department": {
      "id": 19,
      "name": "Mejeri & Ost",
      "url": "mejeri-o-ost",
      "atHome": false
    },
    "category": {
      "name": "Mejeri, Ost & Ägg"
    },
    "categoryAncestry": [
      {
        "id": 565,
        "name": "Herrgårdsost",
        "url": "herrgardsost"
      },
      {
        "id": 3059,
        "name": "Hårdost",
        "url": "hardost"
      },
      {
        "id": 2,
        "name": "Ost",
        "url": "ost"
      },
      {
        "id": 19,
        "name": "Mejeri & Ost",
        "url": "mejeri-o-ost"
      }
    ],
    "brand": {
      "id": 14482,
      "name": "Arla Ko",
      "url": "arla-ko"
    },
    "supplier": {
      "id": 6561,
      "name": "Arla Foods AB",
      "url": "arla-foods-ab"
    },
    "badges": [
      {
        "id": 2209,
        "name": "Svenskt ursprung",
        "imageUrl": "svenskt.png",
        "toolTip": "Svenskt ursprung"
      }
    ],
    "preferences": {
      "dietary": [],
      "labels": [
        {
          "name": "Svenskt ursprung"
        }
      ]
    },
    "availability": "AVAILABLE",
    "subscriptionProduct": false,
    "origin": {
      "id": 73,
      "name": "Sverige",
      "icon": "Sverige.gif"
    },
    "ageRestriction": false,
    "isWine": false,
    "rating": {
      "avgRating": 2,
      "votes": 27
    },
    "productPlacement": false,
    "_score": 386.71213,
    "subtitle": null,
    "externalUrl": null,
    "soldBy": "mathem",
    "showSoldBy": false,
    "disclaimer": null,
    "pharmacyInformation": null,
    "siteRestrictions": {
      "openOrder": {
        "add": "Allowed",
        "edit": "Allowed",
        "remove": "Allowed"
      }
    },
    "shops": [
      {
        "id": "1",
        "name": "mathem"
      }
    ]
  },
  {
    "id": "78436",
    "name": "Mozzarella Michelangelo",
    "fullName": "Mozzarella Michelangelo 125g Wernersson",
    "gtin": "5420024102019",
    "url": "/varor/mozzarellaost/mozzarella-michelangelo-125g-wernersson",
    "images": {
      "SMALL": "//static.mathem.se/shared/images/products/small/05420024102019_c1n1.jpg",
      "MEDIUM": "//static.mathem.se/shared/images/products/medium/05420024102019_c1n1.jpg",
      "LARGE": "//static.mathem.se/shared/images/products/large/05420024102019_c1n1.jpg",
      "ORIGINAL": "//static.mathem.se/shared/images/products/original/05420024102019_c1n1.jpg"
    },
    "defaultQuantity": 0,
    "price": 15.95,
    "recyleFee": 0,
    "quantity": 125,
    "unit": "g",
    "approximateQuantity": false,
    "comparisonPrice": 127.6,
    "comparisonUnit": "kg",
    "amountInPackage": 1,
    "deliverableWeekdays": [],
    "discount": {
      "discountType": "MULTI_DISCOUNT",
      "campaignType": "MULTI_PRICE",
      "id": 1635207,
      "quantityToBeBought": 2,
      "discountCountLimit": 0,
      "discountUsageLimitOnAllOrders": 0,
      "discountMessage": null,
      "discountText": null,
      "displayPrice": 20,
      "price": 20,
      "unitPrice": 10,
      "comparisonPrice": 80,
      "savings": 5.95,
      "percentageSavings": 37,
      "allowedMemberTypes": null
    },
    "department": {
      "id": 19,
      "name": "Mejeri & Ost",
      "url": "mejeri-o-ost",
      "atHome": false
    },
    "category": {
      "name": "Mejeri, Ost & Ägg"
    },
    "categoryAncestry": [
      {
        "id": 320,
        "name": "Mozzarellaost",
        "url": "mozzarellaost"
      },
      {
        "id": 2,
        "name": "Ost",
        "url": "ost"
      },
      {
        "id": 19,
        "name": "Mejeri & Ost",
        "url": "mejeri-o-ost"
      }
    ],
    "brand": {
      "id": 2630,
      "name": "Wernerssons",
      "url": "wernerssons"
    },
    "supplier": {
      "id": 8139,
      "name": "Wernersson & Co Ost AB",
      "url": "wernersson-o-co-ost-ab"
    },
    "badges": [],
    "preferences": {
      "dietary": [],
      "labels": []
    },
    "availability": "AVAILABLE",
    "subscriptionProduct": false,
    "origin": {
      "id": 13,
      "name": "Tyskland",
      "icon": "Tyskland.gif"
    },
    "ageRestriction": false,
    "isWine": false,
    "rating": {
      "avgRating": 3,
      "votes": 12
    },
    "productPlacement": false,
    "_score": 384.71213,
    "subtitle": null,
    "externalUrl": null,
    "soldBy": "mathem",
    "showSoldBy": false,
    "disclaimer": null,
    "pharmacyInformation": null,
    "siteRestrictions": {
      "openOrder": {
        "add": "Allowed",
        "edit": "Allowed",
        "remove": "Allowed"
      }
    },
    "shops": [
      {
        "id": "1",
        "name": "mathem"
      }
    ]
  },
  {
    "id": "3730",
    "name": "Präst Mellan 31%",
    "fullName": "Präst Mellan 31% ca 700g Arla",
    "gtin": "2340415200007",
    "url": "/varor/prastost-mellan/prastost-mellan-31--ca-667g-arla",
    "images": {
      "SMALL": "//static.mathem.se/shared/images/products/small/02340415200007_c1l1.jpg",
      "MEDIUM": "//static.mathem.se/shared/images/products/medium/02340415200007_c1l1.jpg",
      "LARGE": "//static.mathem.se/shared/images/products/large/02340415200007_c1l1.jpg",
      "ORIGINAL": "//static.mathem.se/shared/images/products/original/02340415200007_c1l1.jpg"
    },
    "defaultQuantity": 0,
    "price": 78,
    "recyleFee": 0,
    "quantity": 700,
    "unit": "g",
    "approximateQuantity": true,
    "comparisonPrice": 111.43,
    "comparisonUnit": "kg",
    "amountInPackage": 1,
    "deliverableWeekdays": [],
    "discount": null,
    "department": {
      "id": 19,
      "name": "Mejeri & Ost",
      "url": "mejeri-o-ost",
      "atHome": false
    },
    "category": {
      "name": "Mejeri, Ost & Ägg"
    },
    "categoryAncestry": [
      {
        "id": 746,
        "name": "Prästost Mellan",
        "url": "prastost-mellan"
      },
      {
        "id": 61,
        "name": "Prästost",
        "url": "prastost"
      },
      {
        "id": 3059,
        "name": "Hårdost",
        "url": "hardost"
      },
      {
        "id": 2,
        "name": "Ost",
        "url": "ost"
      },
      {
        "id": 19,
        "name": "Mejeri & Ost",
        "url": "mejeri-o-ost"
      }
    ],
    "brand": {
      "id": 14482,
      "name": "Arla Ko",
      "url": "arla-ko"
    },
    "supplier": {
      "id": 6561,
      "name": "Arla Foods AB",
      "url": "arla-foods-ab"
    },
    "badges": [],
    "preferences": {
      "dietary": [],
      "labels": []
    },
    "availability": "AVAILABLE",
    "subscriptionProduct": false,
    "origin": {
      "id": 73,
      "name": "Sverige",
      "icon": "Sverige.gif"
    },
    "ageRestriction": false,
    "isWine": false,
    "rating": {
      "avgRating": 3,
      "votes": 43
    },
    "productPlacement": false,
    "_score": 370.71213,
    "subtitle": null,
    "externalUrl": null,
    "soldBy": "mathem",
    "showSoldBy": false,
    "disclaimer": null,
    "pharmacyInformation": null,
    "siteRestrictions": {
      "openOrder": {
        "add": "Allowed",
        "edit": "Allowed",
        "remove": "Allowed"
      }
    },
    "shops": [
      {
        "id": "1",
        "name": "mathem"
      }
    ]
  },
  {
    "id": "52093",
    "name": "Port Salut 26%",
    "fullName": "Port Salut 26% ca 750g Arla",
    "gtin": "2340380200002",
    "url": "/varor/portsalut/port-salut-26--ca750g-arla",
    "images": {
      "SMALL": "//static.mathem.se/shared/images/products/small/port-salut-26--ca-750g-arla.jpg",
      "MEDIUM": "//static.mathem.se/shared/images/products/medium/port-salut-26--ca-750g-arla.jpg",
      "LARGE": "//static.mathem.se/shared/images/products/large/port-salut-26--ca-750g-arla.jpg",
      "ORIGINAL": "//static.mathem.se/shared/images/products/original/port-salut-26--ca-750g-arla.jpg"
    },
    "defaultQuantity": 0,
    "price": 72,
    "recyleFee": 0,
    "quantity": 750,
    "unit": "g",
    "approximateQuantity": true,
    "comparisonPrice": 96,
    "comparisonUnit": "kg",
    "amountInPackage": 1,
    "deliverableWeekdays": [],
    "discount": null,
    "department": {
      "id": 19,
      "name": "Mejeri & Ost",
      "url": "mejeri-o-ost",
      "atHome": false
    },
    "category": {
      "name": "Mejeri, Ost & Ägg"
    },
    "categoryAncestry": [
      {
        "id": 3928,
        "name": "Portsalut",
        "url": "portsalut"
      },
      {
        "id": 3059,
        "name": "Hårdost",
        "url": "hardost"
      },
      {
        "id": 2,
        "name": "Ost",
        "url": "ost"
      },
      {
        "id": 19,
        "name": "Mejeri & Ost",
        "url": "mejeri-o-ost"
      }
    ],
    "brand": {
      "id": 14491,
      "name": "Arla Familjefavoriter",
      "url": "arla-familjefavoriter"
    },
    "supplier": {
      "id": 6561,
      "name": "Arla Foods AB",
      "url": "arla-foods-ab"
    },
    "badges": [],
    "preferences": {
      "dietary": [],
      "labels": []
    },
    "availability": "AVAILABLE",
    "subscriptionProduct": false,
    "origin": {
      "id": 79,
      "name": "Danmark",
      "icon": null
    },
    "ageRestriction": false,
    "isWine": false,
    "rating": {
      "avgRating": 3,
      "votes": 27
    },
    "productPlacement": false,
    "_score": 356.71213,
    "subtitle": null,
    "externalUrl": null,
    "soldBy": "mathem",
    "showSoldBy": false,
    "disclaimer": null,
    "pharmacyInformation": null,
    "siteRestrictions": {
      "openOrder": {
        "add": "Allowed",
        "edit": "Allowed",
        "remove": "Allowed"
      }
    },
    "shops": [
      {
        "id": "1",
        "name": "mathem"
      }
    ]
  },
  {
    "id": "52776",
    "name": "Färskost Original 21%",
    "fullName": "Färskost Original 21% 300g Philadelphia",
    "gtin": "7310700443698",
    "url": "/varor/farskost-naturell/farskost-classic-300g-philadelphia",
    "images": {
      "SMALL": "//static.mathem.se/shared/images/products/small/farskost-classic-300g-philadelphia.jpg",
      "MEDIUM": "//static.mathem.se/shared/images/products/medium/farskost-classic-300g-philadelphia.jpg",
      "LARGE": "//static.mathem.se/shared/images/products/large/farskost-classic-300g-philadelphia.jpg",
      "ORIGINAL": "//static.mathem.se/shared/images/products/original/farskost-classic-300g-philadelphia.jpg"
    },
    "defaultQuantity": 0,
    "price": 29.95,
    "recyleFee": 0,
    "quantity": 300,
    "unit": "g",
    "approximateQuantity": false,
    "comparisonPrice": 99.83,
    "comparisonUnit": "kg",
    "amountInPackage": 1,
    "deliverableWeekdays": [],
    "discount": null,
    "department": {
      "id": 19,
      "name": "Mejeri & Ost",
      "url": "mejeri-o-ost",
      "atHome": false
    },
    "category": {
      "name": "Mejeri, Ost & Ägg"
    },
    "categoryAncestry": [
      {
        "id": 2871,
        "name": "Färskost Naturell",
        "url": "farskost-naturell"
      },
      {
        "id": 2754,
        "name": "Färskost",
        "url": "farskost"
      },
      {
        "id": 3060,
        "name": "Mjukost & Färskost",
        "url": "mjukost-o-farskost"
      },
      {
        "id": 2,
        "name": "Ost",
        "url": "ost"
      },
      {
        "id": 19,
        "name": "Mejeri & Ost",
        "url": "mejeri-o-ost"
      }
    ],
    "brand": {
      "id": 3872,
      "name": "Philadelphia",
      "url": "philadelphia"
    },
    "supplier": {
      "id": 7539,
      "name": "Mondelez Sverige AB",
      "url": "mondelez-sverige-ab"
    },
    "badges": [],
    "preferences": {
      "dietary": [],
      "labels": []
    },
    "availability": "AVAILABLE",
    "subscriptionProduct": false,
    "origin": {
      "id": 13,
      "name": "Tyskland",
      "icon": "Tyskland.gif"
    },
    "ageRestriction": false,
    "isWine": false,
    "rating": {
      "avgRating": 3,
      "votes": 11
    },
    "productPlacement": false,
    "_score": 348.71213,
    "subtitle": null,
    "externalUrl": null,
    "soldBy": null,
    "showSoldBy": false,
    "disclaimer": null,
    "pharmacyInformation": null,
    "siteRestrictions": {
      "openOrder": {
        "add": "Allowed",
        "edit": "Allowed",
        "remove": "Allowed"
      }
    },
    "shops": [
      {
        "id": "1",
        "name": "mathem"
      }
    ]
  },
  {
    "id": "97881",
    "name": "Herrgård 28% Skivad",
    "fullName": "Herrgård 28% Skivad 300g Arla",
    "gtin": "7311877014216",
    "url": "/varor/skivad-ost/herrgardsost-28--skivad-300g-arla",
    "images": {
      "SMALL": "//static.mathem.se/shared/images/products/small/07311877014216_c1r1.jpg",
      "MEDIUM": "//static.mathem.se/shared/images/products/medium/07311877014216_c1r1.jpg",
      "LARGE": "//static.mathem.se/shared/images/products/large/07311877014216_c1r1.jpg",
      "ORIGINAL": "//static.mathem.se/shared/images/products/original/07311877014216_c1r1.jpg"
    },
    "defaultQuantity": 0,
    "price": 47.95,
    "recyleFee": 0,
    "quantity": 300,
    "unit": "g",
    "approximateQuantity": false,
    "comparisonPrice": 159.83,
    "comparisonUnit": "kg",
    "amountInPackage": 15,
    "deliverableWeekdays": [],
    "discount": null,
    "department": {
      "id": 19,
      "name": "Mejeri & Ost",
      "url": "mejeri-o-ost",
      "atHome": false
    },
    "category": {
      "name": "Mejeri, Ost & Ägg"
    },
    "categoryAncestry": [
      {
        "id": 3919,
        "name": "Skivad Ost",
        "url": "skivad-ost"
      },
      {
        "id": 4769,
        "name": "Riven/skivad ost",
        "url": "hardost-rivenskivad"
      },
      {
        "id": 2,
        "name": "Ost",
        "url": "ost"
      },
      {
        "id": 19,
        "name": "Mejeri & Ost",
        "url": "mejeri-o-ost"
      }
    ],
    "brand": {
      "id": 14482,
      "name": "Arla Ko",
      "url": "arla-ko"
    },
    "supplier": {
      "id": 6561,
      "name": "Arla Foods AB",
      "url": "arla-foods-ab"
    },
    "badges": [
      {
        "id": 2209,
        "name": "Svenskt ursprung",
        "imageUrl": "svenskt.png",
        "toolTip": "Svenskt ursprung"
      }
    ],
    "preferences": {
      "dietary": [],
      "labels": [
        {
          "name": "Svenskt ursprung"
        }
      ]
    },
    "availability": "AVAILABLE",
    "subscriptionProduct": false,
    "origin": {
      "id": 73,
      "name": "Sverige",
      "icon": "Sverige.gif"
    },
    "ageRestriction": false,
    "isWine": false,
    "rating": {
      "avgRating": 3,
      "votes": 9
    },
    "productPlacement": false,
    "_score": 346.71213,
    "subtitle": null,
    "externalUrl": null,
    "soldBy": null,
    "showSoldBy": false,
    "disclaimer": null,
    "pharmacyInformation": null,
    "siteRestrictions": {
      "openOrder": {
        "add": "Allowed",
        "edit": "Allowed",
        "remove": "Allowed"
      }
    },
    "shops": [
      {
        "id": "1",
        "name": "mathem"
      }
    ]
  },
  {
    "id": "132058",
    "name": "Buffelmozzarella",
    "fullName": "Buffelmozzarella 100g Zeta",
    "gtin": "7350027793731",
    "url": "/varor/buffelmozzarella/buffelmozzarella-100g-zeta",
    "images": {
      "SMALL": "//static.mathem.se/shared/images/products/small/07350027793731_c1c1.jpg",
      "MEDIUM": "//static.mathem.se/shared/images/products/medium/07350027793731_c1c1.jpg",
      "LARGE": "//static.mathem.se/shared/images/products/large/07350027793731_c1c1.jpg",
      "ORIGINAL": "//static.mathem.se/shared/images/products/original/07350027793731_c1c1.jpg"
    },
    "defaultQuantity": 0,
    "price": 26.95,
    "recyleFee": 0,
    "quantity": 100,
    "unit": "g",
    "approximateQuantity": false,
    "comparisonPrice": 269.5,
    "comparisonUnit": "kg",
    "amountInPackage": 1,
    "deliverableWeekdays": [],
    "discount": null,
    "department": {
      "id": 19,
      "name": "Mejeri & Ost",
      "url": "mejeri-o-ost",
      "atHome": false
    },
    "category": {
      "name": "Mejeri, Ost & Ägg"
    },
    "categoryAncestry": [
      {
        "id": 5632,
        "name": "Buffelmozzarella",
        "url": "buffelmozzarella"
      },
      {
        "id": 320,
        "name": "Mozzarellaost",
        "url": "mozzarellaost"
      },
      {
        "id": 2,
        "name": "Ost",
        "url": "ost"
      },
      {
        "id": 19,
        "name": "Mejeri & Ost",
        "url": "mejeri-o-ost"
      }
    ],
    "brand": {
      "id": 1760,
      "name": "Zeta",
      "url": "zeta"
    },
    "supplier": {
      "id": 6864,
      "name": "Di Luca & Di Luca AB",
      "url": "di-luca-o-di-luca-ab"
    },
    "badges": [],
    "preferences": {
      "dietary": [],
      "labels": []
    },
    "availability": "AVAILABLE",
    "subscriptionProduct": false,
    "origin": {
      "id": 80,
      "name": "Italien",
      "icon": null
    },
    "ageRestriction": false,
    "isWine": false,
    "rating": {
      "avgRating": 3,
      "votes": 10
    },
    "productPlacement": false,
    "_score": 344.71213,
    "subtitle": null,
    "externalUrl": null,
    "soldBy": null,
    "showSoldBy": false,
    "disclaimer": null,
    "pharmacyInformation": null,
    "siteRestrictions": {
      "openOrder": {
        "add": "Allowed",
        "edit": "Allowed",
        "remove": "Allowed"
      }
    },
    "shops": [
      {
        "id": "1",
        "name": "mathem"
      }
    ]
  },
  {
    "id": "133084",
    "name": "Gouda Skivad EKO",
    "fullName": "Gouda Skivad EKO 200g Favorit",
    "gtin": "7331746273674",
    "url": "/varor/goudaost-skivad/gouda-skivad-eko-200g-favorit",
    "images": {
      "SMALL": "//static.mathem.se/shared/images/products/small/07331746202360_c1c1.jpg",
      "MEDIUM": "//static.mathem.se/shared/images/products/medium/07331746202360_c1c1.jpg",
      "LARGE": "//static.mathem.se/shared/images/products/large/07331746202360_c1c1.jpg",
      "ORIGINAL": "//static.mathem.se/shared/images/products/original/07331746202360_c1c1.jpg"
    },
    "defaultQuantity": 0,
    "price": 33.95,
    "recyleFee": 0,
    "quantity": 200,
    "unit": "g",
    "approximateQuantity": false,
    "comparisonPrice": 169.75,
    "comparisonUnit": "kg",
    "amountInPackage": 1,
    "deliverableWeekdays": [],
    "discount": null,
    "department": {
      "id": 19,
      "name": "Mejeri & Ost",
      "url": "mejeri-o-ost",
      "atHome": false
    },
    "category": {
      "name": "Mejeri, Ost & Ägg"
    },
    "categoryAncestry": [
      {
        "id": 2872,
        "name": "Goudaost Skivad",
        "url": "goudaost-skivad"
      },
      {
        "id": 3919,
        "name": "Skivad Ost",
        "url": "skivad-ost"
      },
      {
        "id": 4769,
        "name": "Riven/skivad ost",
        "url": "hardost-rivenskivad"
      },
      {
        "id": 2,
        "name": "Ost",
        "url": "ost"
      },
      {
        "id": 19,
        "name": "Mejeri & Ost",
        "url": "mejeri-o-ost"
      }
    ],
    "brand": {
      "id": 2376,
      "name": "Favorit",
      "url": "favorit"
    },
    "supplier": {
      "id": 13435,
      "name": "Bergendahls EMV",
      "url": "bergendahls-emv"
    },
    "badges": [
      {
        "id": 2167,
        "name": "Ekologisk",
        "imageUrl": "ekoIcon.png",
        "toolTip": "Ekologisk"
      }
    ],
    "preferences": {
      "dietary": [],
      "labels": [
        {
          "name": "Ekologisk"
        }
      ]
    },
    "availability": "AVAILABLE",
    "subscriptionProduct": false,
    "origin": {
      "id": 91,
      "name": "Nederländerna",
      "icon": null
    },
    "ageRestriction": false,
    "isWine": false,
    "rating": {
      "avgRating": 5,
      "votes": 2
    },
    "productPlacement": false,
    "_score": 340.71213,
    "subtitle": null,
    "externalUrl": null,
    "soldBy": null,
    "showSoldBy": false,
    "disclaimer": null,
    "pharmacyInformation": null,
    "siteRestrictions": {
      "openOrder": {
        "add": "Allowed",
        "edit": "Allowed",
        "remove": "Allowed"
      }
    },
    "shops": [
      {
        "id": "1",
        "name": "mathem"
      }
    ]
  },
  {
    "id": "39202",
    "name": "Halloumi",
    "fullName": "Halloumi 200g Fontana",
    "gtin": "7316150974393",
    "url": "/varor/halloumiost/halloumiost-200g-fontana",
    "images": {
      "SMALL": "//static.mathem.se/shared/images/products/small/07316150974393_c1n1.jpeg.jpg",
      "MEDIUM": "//static.mathem.se/shared/images/products/medium/07316150974393_c1n1.jpeg.jpg",
      "LARGE": "//static.mathem.se/shared/images/products/large/07316150974393_c1n1.jpeg.jpg",
      "ORIGINAL": "//static.mathem.se/shared/images/products/original/07316150974393_c1n1.jpeg.jpg"
    },
    "defaultQuantity": 0,
    "price": 34.95,
    "recyleFee": 0,
    "quantity": 200,
    "unit": "g",
    "approximateQuantity": false,
    "comparisonPrice": 174.75,
    "comparisonUnit": "kg",
    "amountInPackage": 1,
    "deliverableWeekdays": [],
    "discount": null,
    "department": {
      "id": 19,
      "name": "Mejeri & Ost",
      "url": "mejeri-o-ost",
      "atHome": false
    },
    "category": {
      "name": "Mejeri, Ost & Ägg"
    },
    "categoryAncestry": [
      {
        "id": 2888,
        "name": "Halloumi",
        "url": "halloumiost"
      },
      {
        "id": 2,
        "name": "Ost",
        "url": "ost"
      },
      {
        "id": 19,
        "name": "Mejeri & Ost",
        "url": "mejeri-o-ost"
      }
    ],
    "brand": {
      "id": 1762,
      "name": "Fontana",
      "url": "fontana"
    },
    "supplier": {
      "id": 6990,
      "name": "Fontana Food AB",
      "url": "fontana-food-ab"
    },
    "badges": [],
    "preferences": {
      "dietary": [],
      "labels": []
    },
    "availability": "AVAILABLE",
    "subscriptionProduct": false,
    "origin": {
      "id": 246,
      "name": "Cypern",
      "icon": null
    },
    "ageRestriction": false,
    "isWine": false,
    "rating": {
      "avgRating": 2,
      "votes": 27
    },
    "productPlacement": false,
    "_score": 340.71213,
    "subtitle": null,
    "externalUrl": null,
    "soldBy": null,
    "showSoldBy": false,
    "disclaimer": null,
    "pharmacyInformation": null,
    "siteRestrictions": {
      "openOrder": {
        "add": "Allowed",
        "edit": "Allowed",
        "remove": "Allowed"
      }
    },
    "shops": [
      {
        "id": "1",
        "name": "mathem"
      }
    ]
  },
  {
    "id": "141001",
    "name": "Frö Gott",
    "fullName": "Frö Gott 380g Hatting",
    "gtin": "7315060123938",
    "url": "/varor/skivat-ragbrod/fro-gott-380g-hatting",
    "images": {
      "SMALL": "//static.mathem.se/shared/images/products/small/07315060123938_c1l1.jpg",
      "MEDIUM": "//static.mathem.se/shared/images/products/medium/07315060123938_c1l1.jpg",
      "LARGE": "//static.mathem.se/shared/images/products/large/07315060123938_c1l1.jpg",
      "ORIGINAL": "//static.mathem.se/shared/images/products/original/07315060123938_c1l1.jpg"
    },
    "defaultQuantity": 0,
    "price": 32.95,
    "recyleFee": 0,
    "quantity": 380,
    "unit": "g",
    "approximateQuantity": false,
    "comparisonPrice": 86.71,
    "comparisonUnit": "kg",
    "amountInPackage": 1,
    "deliverableWeekdays": [],
    "discount": null,
    "department": {
      "id": 15,
      "name": "Bröd & Bageri",
      "url": "brod-o-bageri",
      "atHome": false
    },
    "category": {
      "name": "Bröd & Bageri"
    },
    "categoryAncestry": [
      {
        "id": 6661,
        "name": "Skivat rågbröd",
        "url": "skivat-ragbrod"
      },
      {
        "id": 3807,
        "name": "Bröd",
        "url": "brod"
      },
      {
        "id": 15,
        "name": "Bröd & Bageri",
        "url": "brod-o-bageri"
      }
    ],
    "brand": {
      "id": 2838,
      "name": "Hatting",
      "url": "hatting"
    },
    "supplier": {
      "id": 7362,
      "name": "Lantmännen Unibake Sweden AB",
      "url": "lantmannen-unibake-sweden-ab"
    },
    "badges": [],
    "preferences": {
      "dietary": [],
      "labels": []
    },
    "availability": "AVAILABLE",
    "subscriptionProduct": false,
    "origin": null,
    "ageRestriction": false,
    "isWine": false,
    "rating": {
      "avgRating": 3,
      "votes": 16
    },
    "productPlacement": true,
    "_score": 0,
    "subtitle": null,
    "externalUrl": null,
    "soldBy": null,
    "showSoldBy": false,
    "disclaimer": null,
    "pharmacyInformation": null,
    "siteRestrictions": {
      "openOrder": {
        "add": "Allowed",
        "edit": "Allowed",
        "remove": "Allowed"
      }
    },
    "shops": [
      {
        "id": "1",
        "name": "mathem"
      }
    ]
  },
  {
    "id": "16492",
    "name": "Lingongrova",
    "fullName": "Lingongrova 500g Pågen",
    "gtin": "7311071330525",
    "url": "/varor/grovlimpa/lingongrova-500g-pagen",
    "images": {
      "SMALL": "//static.mathem.se/shared/images/products/small/07311071330525_c1l1.jpg",
      "MEDIUM": "//static.mathem.se/shared/images/products/medium/07311071330525_c1l1.jpg",
      "LARGE": "//static.mathem.se/shared/images/products/large/07311071330525_c1l1.jpg",
      "ORIGINAL": "//static.mathem.se/shared/images/products/original/07311071330525_c1l1.jpg"
    },
    "defaultQuantity": 0,
    "price": 26.95,
    "recyleFee": 0,
    "quantity": 500,
    "unit": "g",
    "approximateQuantity": false,
    "comparisonPrice": 53.9,
    "comparisonUnit": "kg",
    "amountInPackage": 0,
    "deliverableWeekdays": [],
    "discount": null,
    "department": {
      "id": 15,
      "name": "Bröd & Bageri",
      "url": "brod-o-bageri",
      "atHome": false
    },
    "category": {
      "name": "Bröd & Bageri"
    },
    "categoryAncestry": [
      {
        "id": 3143,
        "name": "Grovlimpa",
        "url": "grovlimpa"
      },
      {
        "id": 571,
        "name": "Limpa",
        "url": "limpor"
      },
      {
        "id": 5371,
        "name": "Skivat bröd",
        "url": "skivat-brod"
      },
      {
        "id": 3807,
        "name": "Bröd",
        "url": "brod"
      },
      {
        "id": 15,
        "name": "Bröd & Bageri",
        "url": "brod-o-bageri"
      }
    ],
    "brand": {
      "id": 2540,
      "name": "Pågen",
      "url": "pagen"
    },
    "supplier": {
      "id": 7758,
      "name": "Pågen",
      "url": "pagen"
    },
    "badges": [
      {
        "id": 2209,
        "name": "Svenskt ursprung",
        "imageUrl": "svenskt.png",
        "toolTip": "Svenskt ursprung"
      }
    ],
    "preferences": {
      "dietary": [],
      "labels": [
        {
          "name": "Svenskt ursprung"
        }
      ]
    },
    "availability": "AVAILABLE",
    "subscriptionProduct": false,
    "origin": null,
    "ageRestriction": false,
    "isWine": false,
    "rating": {
      "avgRating": 3,
      "votes": 26
    },
    "productPlacement": false,
    "_score": 423.13928,
    "subtitle": null,
    "externalUrl": null,
    "soldBy": "mathem",
    "showSoldBy": false,
    "disclaimer": null,
    "pharmacyInformation": null,
    "siteRestrictions": {
      "openOrder": {
        "add": "Allowed",
        "edit": "Allowed",
        "remove": "Allowed"
      }
    },
    "shops": [
      {
        "id": "1",
        "name": "mathem"
      }
    ]
  },
  {
    "id": "58335",
    "name": "Rosta",
    "fullName": "Rosta 450g Pågen",
    "gtin": "7311071336244",
    "url": "/varor/toast-o-rostbrod/rosta-450g-pagen",
    "images": {
      "SMALL": "//static.mathem.se/shared/images/products/small/07311071336244_c1l1.jpg",
      "MEDIUM": "//static.mathem.se/shared/images/products/medium/07311071336244_c1l1.jpg",
      "LARGE": "//static.mathem.se/shared/images/products/large/07311071336244_c1l1.jpg",
      "ORIGINAL": "//static.mathem.se/shared/images/products/original/07311071336244_c1l1.jpg"
    },
    "defaultQuantity": 0,
    "price": 25.95,
    "recyleFee": 0,
    "quantity": 450,
    "unit": "g",
    "approximateQuantity": false,
    "comparisonPrice": 57.67,
    "comparisonUnit": "kg",
    "amountInPackage": 10,
    "deliverableWeekdays": [],
    "discount": null,
    "department": {
      "id": 15,
      "name": "Bröd & Bageri",
      "url": "brod-o-bageri",
      "atHome": false
    },
    "category": {
      "name": "Bröd & Bageri"
    },
    "categoryAncestry": [
      {
        "id": 3136,
        "name": "Toast & Rostbröd",
        "url": "toast-o-rostbrod"
      },
      {
        "id": 5371,
        "name": "Skivat bröd",
        "url": "skivat-brod"
      },
      {
        "id": 3807,
        "name": "Bröd",
        "url": "brod"
      },
      {
        "id": 15,
        "name": "Bröd & Bageri",
        "url": "brod-o-bageri"
      }
    ],
    "brand": {
      "id": 2540,
      "name": "Pågen",
      "url": "pagen"
    },
    "supplier": {
      "id": 7758,
      "name": "Pågen",
      "url": "pagen"
    },
    "badges": [
      {
        "id": 2209,
        "name": "Svenskt ursprung",
        "imageUrl": "svenskt.png",
        "toolTip": "Svenskt ursprung"
      }
    ],
    "preferences": {
      "dietary": [],
      "labels": [
        {
          "name": "Svenskt ursprung"
        }
      ]
    },
    "availability": "AVAILABLE",
    "subscriptionProduct": false,
    "origin": null,
    "ageRestriction": false,
    "isWine": false,
    "rating": {
      "avgRating": 3,
      "votes": 20
    },
    "productPlacement": false,
    "_score": 413.13928,
    "subtitle": null,
    "externalUrl": null,
    "soldBy": "mathem",
    "showSoldBy": false,
    "disclaimer": null,
    "pharmacyInformation": null,
    "siteRestrictions": {
      "openOrder": {
        "add": "Allowed",
        "edit": "Allowed",
        "remove": "Allowed"
      }
    },
    "shops": [
      {
        "id": "1",
        "name": "mathem"
      }
    ]
  },
  {
    "id": "16453",
    "name": "Roast n Toast",
    "fullName": "Roast n Toast 800g Pågen",
    "gtin": "7311070336160",
    "url": "/varor/toast-o-rostbrod/roast-n-toast-800g-pagen",
    "images": {
      "SMALL": "//static.mathem.se/shared/images/products/small/07311070336160_c1l1.jpg",
      "MEDIUM": "//static.mathem.se/shared/images/products/medium/07311070336160_c1l1.jpg",
      "LARGE": "//static.mathem.se/shared/images/products/large/07311070336160_c1l1.jpg",
      "ORIGINAL": "//static.mathem.se/shared/images/products/original/07311070336160_c1l1.jpg"
    },
    "defaultQuantity": 0,
    "price": 36.95,
    "recyleFee": 0,
    "quantity": 800,
    "unit": "g",
    "approximateQuantity": false,
    "comparisonPrice": 46.19,
    "comparisonUnit": "kg",
    "amountInPackage": 20,
    "deliverableWeekdays": [],
    "discount": {
      "discountType": "PRODUCT_DISCOUNT",
      "campaignType": "WEEKLY",
      "id": 1709408,
      "quantityToBeBought": 1,
      "discountCountLimit": 2,
      "discountUsageLimitOnAllOrders": 0,
      "discountMessage": null,
      "discountText": null,
      "displayPrice": 20,
      "price": 20,
      "unitPrice": 20,
      "comparisonPrice": 25,
      "savings": 16.95,
      "percentageSavings": 45,
      "allowedMemberTypes": null
    },
    "department": {
      "id": 15,
      "name": "Bröd & Bageri",
      "url": "brod-o-bageri",
      "atHome": false
    },
    "category": {
      "name": "Bröd & Bageri"
    },
    "categoryAncestry": [
      {
        "id": 3136,
        "name": "Toast & Rostbröd",
        "url": "toast-o-rostbrod"
      },
      {
        "id": 5371,
        "name": "Skivat bröd",
        "url": "skivat-brod"
      },
      {
        "id": 3807,
        "name": "Bröd",
        "url": "brod"
      },
      {
        "id": 15,
        "name": "Bröd & Bageri",
        "url": "brod-o-bageri"
      }
    ],
    "brand": {
      "id": 2540,
      "name": "Pågen",
      "url": "pagen"
    },
    "supplier": {
      "id": 7758,
      "name": "Pågen",
      "url": "pagen"
    },
    "badges": [
      {
        "id": 2209,
        "name": "Svenskt ursprung",
        "imageUrl": "svenskt.png",
        "toolTip": "Svenskt ursprung"
      }
    ],
    "preferences": {
      "dietary": [],
      "labels": [
        {
          "name": "Svenskt ursprung"
        }
      ]
    },
    "availability": "AVAILABLE",
    "subscriptionProduct": false,
    "origin": null,
    "ageRestriction": false,
    "isWine": false,
    "rating": {
      "avgRating": 3,
      "votes": 38
    },
    "productPlacement": false,
    "_score": 403.13928,
    "subtitle": null,
    "externalUrl": null,
    "soldBy": "mathem",
    "showSoldBy": false,
    "disclaimer": null,
    "pharmacyInformation": null,
    "siteRestrictions": {
      "openOrder": {
        "add": "Allowed",
        "edit": "Allowed",
        "remove": "Allowed"
      }
    },
    "shops": [
      {
        "id": "1",
        "name": "mathem"
      }
    ]
  },
  {
    "id": "128065",
    "name": "Levain",
    "fullName": "Levain 650g Pågen",
    "gtin": "7311070008159",
    "url": "/varor/skivat-brod/levain-650g-pagen",
    "images": {
      "SMALL": "//static.mathem.se/shared/images/products/small/levain-650g-pagen-1.jpg",
      "MEDIUM": "//static.mathem.se/shared/images/products/medium/levain-650g-pagen-1.jpg",
      "LARGE": "//static.mathem.se/shared/images/products/large/levain-650g-pagen-1.jpg",
      "ORIGINAL": "//static.mathem.se/shared/images/products/original/levain-650g-pagen-1.jpg"
    },
    "defaultQuantity": 0,
    "price": 39.95,
    "recyleFee": 0,
    "quantity": 650,
    "unit": "g",
    "approximateQuantity": false,
    "comparisonPrice": 61.46,
    "comparisonUnit": "kg",
    "amountInPackage": 1,
    "deliverableWeekdays": [],
    "discount": null,
    "department": {
      "id": 15,
      "name": "Bröd & Bageri",
      "url": "brod-o-bageri",
      "atHome": false
    },
    "category": {
      "name": "Bröd & Bageri"
    },
    "categoryAncestry": [
      {
        "id": 5371,
        "name": "Skivat bröd",
        "url": "skivat-brod"
      },
      {
        "id": 3807,
        "name": "Bröd",
        "url": "brod"
      },
      {
        "id": 15,
        "name": "Bröd & Bageri",
        "url": "brod-o-bageri"
      }
    ],
    "brand": {
      "id": 2540,
      "name": "Pågen",
      "url": "pagen"
    },
    "supplier": {
      "id": 7758,
      "name": "Pågen",
      "url": "pagen"
    },
    "badges": [
      {
        "id": 2209,
        "name": "Svenskt ursprung",
        "imageUrl": "svenskt.png",
        "toolTip": "Svenskt ursprung"
      }
    ],
    "preferences": {
      "dietary": [],
      "labels": [
        {
          "name": "Svenskt ursprung"
        }
      ]
    },
    "availability": "AVAILABLE",
    "subscriptionProduct": false,
    "origin": null,
    "ageRestriction": false,
    "isWine": false,
    "rating": {
      "avgRating": 3,
      "votes": 56
    },
    "productPlacement": false,
    "_score": 373.13928,
    "subtitle": null,
    "externalUrl": null,
    "soldBy": "mathem",
    "showSoldBy": false,
    "disclaimer": null,
    "pharmacyInformation": null,
    "siteRestrictions": {
      "openOrder": {
        "add": "Allowed",
        "edit": "Allowed",
        "remove": "Allowed"
      }
    },
    "shops": [
      {
        "id": "1",
        "name": "mathem"
      }
    ]
  },
  {
    "id": "96073",
    "name": "Lantgoda Surdegsbröd",
    "fullName": "Lantgoda Surdegsbröd 650g Pågen",
    "gtin": "7311070008494",
    "url": "/varor/lantbrod-skivat/lantgoda-surdegsbrod-650g-pagen",
    "images": {
      "SMALL": "//static.mathem.se/shared/images/products/small/07311070008494_c1l1.jpg",
      "MEDIUM": "//static.mathem.se/shared/images/products/medium/07311070008494_c1l1.jpg",
      "LARGE": "//static.mathem.se/shared/images/products/large/07311070008494_c1l1.jpg",
      "ORIGINAL": "//static.mathem.se/shared/images/products/original/07311070008494_c1l1.jpg"
    },
    "defaultQuantity": 0,
    "price": 38.95,
    "recyleFee": 0,
    "quantity": 650,
    "unit": "g",
    "approximateQuantity": false,
    "comparisonPrice": 59.92,
    "comparisonUnit": "kg",
    "amountInPackage": 1,
    "deliverableWeekdays": [],
    "discount": null,
    "department": {
      "id": 15,
      "name": "Bröd & Bageri",
      "url": "brod-o-bageri",
      "atHome": false
    },
    "category": {
      "name": "Bröd & Bageri"
    },
    "categoryAncestry": [
      {
        "id": 5380,
        "name": "Lantbröd skivat",
        "url": "lantbrod-skivat"
      },
      {
        "id": 5371,
        "name": "Skivat bröd",
        "url": "skivat-brod"
      },
      {
        "id": 3807,
        "name": "Bröd",
        "url": "brod"
      },
      {
        "id": 15,
        "name": "Bröd & Bageri",
        "url": "brod-o-bageri"
      }
    ],
    "brand": {
      "id": 2540,
      "name": "Pågen",
      "url": "pagen"
    },
    "supplier": {
      "id": 7758,
      "name": "Pågen",
      "url": "pagen"
    },
    "badges": [
      {
        "id": 2209,
        "name": "Svenskt ursprung",
        "imageUrl": "svenskt.png",
        "toolTip": "Svenskt ursprung"
      }
    ],
    "preferences": {
      "dietary": [],
      "labels": [
        {
          "name": "Nyckelhålsmärkt"
        },
        {
          "name": "Svenskt ursprung"
        }
      ]
    },
    "availability": "AVAILABLE",
    "subscriptionProduct": false,
    "origin": null,
    "ageRestriction": false,
    "isWine": false,
    "rating": {
      "avgRating": 3,
      "votes": 37
    },
    "productPlacement": false,
    "_score": 371.13928,
    "subtitle": null,
    "externalUrl": null,
    "soldBy": "mathem",
    "showSoldBy": false,
    "disclaimer": null,
    "pharmacyInformation": null,
    "siteRestrictions": {
      "openOrder": {
        "add": "Allowed",
        "edit": "Allowed",
        "remove": "Allowed"
      }
    },
    "shops": [
      {
        "id": "1",
        "name": "mathem"
      }
    ]
  },
  {
    "id": "17652",
    "name": "Sarek",
    "fullName": "Sarek 375g Polarbröd",
    "gtin": "7311800640109",
    "url": "/varor/mjukt-tunnbrod/sarek-375g-polarbrod",
    "images": {
      "SMALL": "//static.mathem.se/shared/images/products/small/sarek-375g-polarbrod-1.jpg",
      "MEDIUM": "//static.mathem.se/shared/images/products/medium/sarek-375g-polarbrod-1.jpg",
      "LARGE": "//static.mathem.se/shared/images/products/large/sarek-375g-polarbrod-1.jpg",
      "ORIGINAL": "//static.mathem.se/shared/images/products/original/sarek-375g-polarbrod-1.jpg"
    },
    "defaultQuantity": 0,
    "price": 29.95,
    "recyleFee": 0,
    "quantity": 375,
    "unit": "g",
    "approximateQuantity": false,
    "comparisonPrice": 79.87,
    "comparisonUnit": "kg",
    "amountInPackage": 1,
    "deliverableWeekdays": [],
    "discount": null,
    "department": {
      "id": 15,
      "name": "Bröd & Bageri",
      "url": "brod-o-bageri",
      "atHome": false
    },
    "category": {
      "name": "Bröd & Bageri"
    },
    "categoryAncestry": [
      {
        "id": 1952,
        "name": "Mjukt Tunnbröd",
        "url": "mjukt-tunnbrod"
      },
      {
        "id": 1954,
        "name": "Tunnbröd & Brödkakor",
        "url": "tunnbrod-och-liknande"
      },
      {
        "id": 3807,
        "name": "Bröd",
        "url": "brod"
      },
      {
        "id": 15,
        "name": "Bröd & Bageri",
        "url": "brod-o-bageri"
      }
    ],
    "brand": {
      "id": 3854,
      "name": "Polarbröd",
      "url": "polarbrod"
    },
    "supplier": {
      "id": 7722,
      "name": "Polfärskt Bröd AB",
      "url": "polfarskt-brod-ab"
    },
    "badges": [
      {
        "id": 2230,
        "name": "Från Sverige",
        "imageUrl": "fran_sverige.png",
        "toolTip": "Från Sverige"
      }
    ],
    "preferences": {
      "dietary": [
        {
          "name": "Laktosfri"
        },
        {
          "name": "Mjölkproteinfri"
        }
      ],
      "labels": [
        {
          "name": "Från Sverige"
        }
      ]
    },
    "availability": "AVAILABLE",
    "subscriptionProduct": false,
    "origin": null,
    "ageRestriction": false,
    "isWine": false,
    "rating": {
      "avgRating": 3,
      "votes": 24
    },
    "productPlacement": false,
    "_score": 371.13928,
    "subtitle": null,
    "externalUrl": null,
    "soldBy": "mathem",
    "showSoldBy": false,
    "disclaimer": null,
    "pharmacyInformation": null,
    "siteRestrictions": {
      "openOrder": {
        "add": "Allowed",
        "edit": "Allowed",
        "remove": "Allowed"
      }
    },
    "shops": [
      {
        "id": "1",
        "name": "mathem"
      }
    ]
  },
  {
    "id": "89089",
    "name": "Skärgårdskaka Hönö",
    "fullName": "Skärgårdskaka Hönö 750g Pågen",
    "gtin": "7311070337297",
    "url": "/varor/honokaka/skargardskaka-hono-750g-pagen",
    "images": {
      "SMALL": "//static.mathem.se/shared/images/products/small/07311070337297_c1l1.jpg",
      "MEDIUM": "//static.mathem.se/shared/images/products/medium/07311070337297_c1l1.jpg",
      "LARGE": "//static.mathem.se/shared/images/products/large/07311070337297_c1l1.jpg",
      "ORIGINAL": "//static.mathem.se/shared/images/products/original/07311070337297_c1l1.jpg"
    },
    "defaultQuantity": 0,
    "price": 37.95,
    "recyleFee": 0,
    "quantity": 750,
    "unit": "g",
    "approximateQuantity": false,
    "comparisonPrice": 50.6,
    "comparisonUnit": "kg",
    "amountInPackage": 1,
    "deliverableWeekdays": [],
    "discount": null,
    "department": {
      "id": 15,
      "name": "Bröd & Bageri",
      "url": "brod-o-bageri",
      "atHome": false
    },
    "category": {
      "name": "Bröd & Bageri"
    },
    "categoryAncestry": [
      {
        "id": 1771,
        "name": "Hönökaka",
        "url": "honokaka"
      },
      {
        "id": 1954,
        "name": "Tunnbröd & Brödkakor",
        "url": "tunnbrod-och-liknande"
      },
      {
        "id": 3807,
        "name": "Bröd",
        "url": "brod"
      },
      {
        "id": 15,
        "name": "Bröd & Bageri",
        "url": "brod-o-bageri"
      }
    ],
    "brand": {
      "id": 2540,
      "name": "Pågen",
      "url": "pagen"
    },
    "supplier": {
      "id": 7758,
      "name": "Pågen",
      "url": "pagen"
    },
    "badges": [
      {
        "id": 2209,
        "name": "Svenskt ursprung",
        "imageUrl": "svenskt.png",
        "toolTip": "Svenskt ursprung"
      }
    ],
    "preferences": {
      "dietary": [],
      "labels": [
        {
          "name": "Svenskt ursprung"
        }
      ]
    },
    "availability": "AVAILABLE",
    "subscriptionProduct": false,
    "origin": null,
    "ageRestriction": false,
    "isWine": false,
    "rating": {
      "avgRating": 3,
      "votes": 27
    },
    "productPlacement": false,
    "_score": 365.13928,
    "subtitle": null,
    "externalUrl": null,
    "soldBy": "mathem",
    "showSoldBy": false,
    "disclaimer": null,
    "pharmacyInformation": null,
    "siteRestrictions": {
      "openOrder": {
        "add": "Allowed",
        "edit": "Allowed",
        "remove": "Allowed"
      }
    },
    "shops": [
      {
        "id": "1",
        "name": "mathem"
      }
    ]
  },
  {
    "id": "174589",
    "name": "Italienskt Lantbröd",
    "fullName": "Italienskt Lantbröd 650g Pågen",
    "gtin": "7311070001983",
    "url": "/varor/lantbrod-skivat/italienskt-lantbrod-650g-pagen",
    "images": {
      "SMALL": "//static.mathem.se/shared/images/products/small/italienskt-lantbrod-650g-pagen.jpg",
      "MEDIUM": "//static.mathem.se/shared/images/products/medium/italienskt-lantbrod-650g-pagen.jpg",
      "LARGE": "//static.mathem.se/shared/images/products/large/italienskt-lantbrod-650g-pagen.jpg",
      "ORIGINAL": "//static.mathem.se/shared/images/products/original/italienskt-lantbrod-650g-pagen.jpg"
    },
    "defaultQuantity": 0,
    "price": 37.95,
    "recyleFee": 0,
    "quantity": 650,
    "unit": "g",
    "approximateQuantity": false,
    "comparisonPrice": 58.38,
    "comparisonUnit": "kg",
    "amountInPackage": 1,
    "deliverableWeekdays": [],
    "discount": null,
    "department": {
      "id": 15,
      "name": "Bröd & Bageri",
      "url": "brod-o-bageri",
      "atHome": false
    },
    "category": {
      "name": "Bröd & Bageri"
    },
    "categoryAncestry": [
      {
        "id": 5380,
        "name": "Lantbröd skivat",
        "url": "lantbrod-skivat"
      },
      {
        "id": 5371,
        "name": "Skivat bröd",
        "url": "skivat-brod"
      },
      {
        "id": 3807,
        "name": "Bröd",
        "url": "brod"
      },
      {
        "id": 15,
        "name": "Bröd & Bageri",
        "url": "brod-o-bageri"
      }
    ],
    "brand": {
      "id": 2540,
      "name": "Pågen",
      "url": "pagen"
    },
    "supplier": {
      "id": 7758,
      "name": "Pågen",
      "url": "pagen"
    },
    "badges": [],
    "preferences": {
      "dietary": [],
      "labels": []
    },
    "availability": "AVAILABLE",
    "subscriptionProduct": false,
    "origin": null,
    "ageRestriction": false,
    "isWine": false,
    "rating": {
      "avgRating": 3,
      "votes": 14
    },
    "productPlacement": false,
    "_score": 363.13928,
    "subtitle": null,
    "externalUrl": null,
    "soldBy": null,
    "showSoldBy": false,
    "disclaimer": null,
    "pharmacyInformation": null,
    "siteRestrictions": {
      "openOrder": {
        "add": "Allowed",
        "edit": "Allowed",
        "remove": "Allowed"
      }
    },
    "shops": [
      {
        "id": "1",
        "name": "mathem"
      }
    ]
  },
  {
    "id": "85584",
    "name": "Kärnsund Surdegsbröd",
    "fullName": "Kärnsund Surdegsbröd 700g Pågen",
    "gtin": "7311070008609",
    "url": "/varor/brod-fruktfronnotter/karnsund-surdegsbrod-700g-pagen",
    "images": {
      "SMALL": "//static.mathem.se/shared/images/products/small/07311070008609_c1l1.jpg",
      "MEDIUM": "//static.mathem.se/shared/images/products/medium/07311070008609_c1l1.jpg",
      "LARGE": "//static.mathem.se/shared/images/products/large/07311070008609_c1l1.jpg",
      "ORIGINAL": "//static.mathem.se/shared/images/products/original/07311070008609_c1l1.jpg"
    },
    "defaultQuantity": 0,
    "price": 38.95,
    "recyleFee": 0,
    "quantity": 700,
    "unit": "g",
    "approximateQuantity": false,
    "comparisonPrice": 55.64,
    "comparisonUnit": "kg",
    "amountInPackage": 15,
    "deliverableWeekdays": [],
    "discount": null,
    "department": {
      "id": 15,
      "name": "Bröd & Bageri",
      "url": "brod-o-bageri",
      "atHome": false
    },
    "category": {
      "name": "Bröd & Bageri"
    },
    "categoryAncestry": [
      {
        "id": 3131,
        "name": "Grovt bröd & Kavring",
        "url": "brod-fruktfronnotter"
      },
      {
        "id": 3807,
        "name": "Bröd",
        "url": "brod"
      },
      {
        "id": 15,
        "name": "Bröd & Bageri",
        "url": "brod-o-bageri"
      }
    ],
    "brand": {
      "id": 2540,
      "name": "Pågen",
      "url": "pagen"
    },
    "supplier": {
      "id": 7758,
      "name": "Pågen",
      "url": "pagen"
    },
    "badges": [
      {
        "id": 2209,
        "name": "Svenskt ursprung",
        "imageUrl": "svenskt.png",
        "toolTip": "Svenskt ursprung"
      }
    ],
    "preferences": {
      "dietary": [],
      "labels": [
        {
          "name": "Nyckelhålsmärkt"
        },
        {
          "name": "Svenskt ursprung"
        }
      ]
    },
    "availability": "AVAILABLE",
    "subscriptionProduct": false,
    "origin": null,
    "ageRestriction": false,
    "isWine": false,
    "rating": {
      "avgRating": 3,
      "votes": 20
    },
    "productPlacement": false,
    "_score": 363.13928,
    "subtitle": null,
    "externalUrl": null,
    "soldBy": "mathem",
    "showSoldBy": false,
    "disclaimer": null,
    "pharmacyInformation": null,
    "siteRestrictions": {
      "openOrder": {
        "add": "Allowed",
        "edit": "Allowed",
        "remove": "Allowed"
      }
    },
    "shops": [
      {
        "id": "1",
        "name": "mathem"
      }
    ]
  },
  {
    "id": "54204",
    "name": "Emilskinka Rökt",
    "fullName": "Emilskinka Rökt 120g Pärsons",
    "gtin": "7330797077149",
    "url": "/varor/rokt-skinka/rokt-emilskinka-120g-parsons",
    "images": {
      "SMALL": "//static.mathem.se/shared/images/products/small/07330797077149_c1n1.jpg",
      "MEDIUM": "//static.mathem.se/shared/images/products/medium/07330797077149_c1n1.jpg",
      "LARGE": "//static.mathem.se/shared/images/products/large/07330797077149_c1n1.jpg",
      "ORIGINAL": "//static.mathem.se/shared/images/products/original/07330797077149_c1n1.jpg"
    },
    "defaultQuantity": 0,
    "price": 28.95,
    "recyleFee": 0,
    "quantity": 120,
    "unit": "g",
    "approximateQuantity": false,
    "comparisonPrice": 241.25,
    "comparisonUnit": "kg",
    "amountInPackage": 1,
    "deliverableWeekdays": [],
    "discount": null,
    "department": {
      "id": 11,
      "name": "Kött & Chark",
      "url": "kott-o-chark",
      "atHome": false
    },
    "category": {
      "name": "Kött, Fågel & Chark"
    },
    "categoryAncestry": [
      {
        "id": 762,
        "name": "Rökt Skinka",
        "url": "rokt-skinka"
      },
      {
        "id": 66,
        "name": "Skinka pålägg",
        "url": "skinka-palagg"
      },
      {
        "id": 4682,
        "name": "Pålägg",
        "url": "palagg"
      },
      {
        "id": 11,
        "name": "Kött & Chark",
        "url": "kott-o-chark"
      }
    ],
    "brand": {
      "id": 2543,
      "name": "Pärsons",
      "url": "parsons"
    },
    "supplier": {
      "id": 10607,
      "name": "HK Scan Kött",
      "url": "hk-scan-kott"
    },
    "badges": [
      {
        "id": 2233,
        "name": "Kött från Sverige",
        "imageUrl": "kott_fran_sverige.png",
        "toolTip": "Kött från Sverige"
      }
    ],
    "preferences": {
      "dietary": [],
      "labels": [
        {
          "name": "Kött från Sverige"
        },
        {
          "name": "Nyckelhålsmärkt"
        }
      ]
    },
    "availability": "AVAILABLE",
    "subscriptionProduct": false,
    "origin": {
      "id": 73,
      "name": "Sverige",
      "icon": "Sverige.gif"
    },
    "ageRestriction": false,
    "isWine": false,
    "rating": {
      "avgRating": 2,
      "votes": 18
    },
    "productPlacement": false,
    "_score": 386.9897,
    "subtitle": null,
    "externalUrl": null,
    "soldBy": null,
    "showSoldBy": false,
    "disclaimer": null,
    "pharmacyInformation": null,
    "siteRestrictions": {
      "openOrder": {
        "add": "Allowed",
        "edit": "Allowed",
        "remove": "Allowed"
      }
    },
    "shops": [
      {
        "id": "1",
        "name": "mathem"
      }
    ]
  },
  {
    "id": "11357",
    "name": "Leverpastej Ugnsbakad",
    "fullName": "Leverpastej Ugnsbakad 200g Scan",
    "gtin": "7300206303008",
    "url": "/varor/leverpastej-ugnsbakad/leverpastej-ugnsbakad-200g-scan",
    "images": {
      "SMALL": "//static.mathem.se/shared/images/products/small/07300206303008_c1l1.jpg",
      "MEDIUM": "//static.mathem.se/shared/images/products/medium/07300206303008_c1l1.jpg",
      "LARGE": "//static.mathem.se/shared/images/products/large/07300206303008_c1l1.jpg",
      "ORIGINAL": "//static.mathem.se/shared/images/products/original/07300206303008_c1l1.jpg"
    },
    "defaultQuantity": 0,
    "price": 16.95,
    "recyleFee": 0,
    "quantity": 200,
    "unit": "g",
    "approximateQuantity": false,
    "comparisonPrice": 84.75,
    "comparisonUnit": "kg",
    "amountInPackage": 0,
    "deliverableWeekdays": [],
    "discount": {
      "discountType": "PRODUCT_DISCOUNT",
      "campaignType": "WEEKLY",
      "id": 1687631,
      "quantityToBeBought": 1,
      "discountCountLimit": 0,
      "discountUsageLimitOnAllOrders": 0,
      "discountMessage": null,
      "discountText": null,
      "displayPrice": 14,
      "price": 14,
      "unitPrice": 14,
      "comparisonPrice": 70,
      "savings": 2.95,
      "percentageSavings": 17,
      "allowedMemberTypes": null
    },
    "department": {
      "id": 11,
      "name": "Kött & Chark",
      "url": "kott-o-chark",
      "atHome": false
    },
    "category": {
      "name": "Kött, Fågel & Chark"
    },
    "categoryAncestry": [
      {
        "id": 3348,
        "name": "Leverpastej Ugnsbakad",
        "url": "leverpastej-ugnsbakad"
      },
      {
        "id": 2779,
        "name": "Leverpastej",
        "url": "leverpastej"
      },
      {
        "id": 121,
        "name": "Pastejer",
        "url": "pastejer"
      },
      {
        "id": 4682,
        "name": "Pålägg",
        "url": "palagg"
      },
      {
        "id": 11,
        "name": "Kött & Chark",
        "url": "kott-o-chark"
      }
    ],
    "brand": {
      "id": 7863,
      "name": "Scan",
      "url": "scan"
    },
    "supplier": {
      "id": 10607,
      "name": "HK Scan Kött",
      "url": "hk-scan-kott"
    },
    "badges": [
      {
        "id": 2233,
        "name": "Kött från Sverige",
        "imageUrl": "kott_fran_sverige.png",
        "toolTip": "Kött från Sverige"
      }
    ],
    "preferences": {
      "dietary": [],
      "labels": [
        {
          "name": "Kött från Sverige"
        }
      ]
    },
    "availability": "AVAILABLE",
    "subscriptionProduct": false,
    "origin": {
      "id": 73,
      "name": "Sverige",
      "icon": "Sverige.gif"
    },
    "ageRestriction": false,
    "isWine": false,
    "rating": {
      "avgRating": 3,
      "votes": 21
    },
    "productPlacement": false,
    "_score": 374.9897,
    "subtitle": null,
    "externalUrl": null,
    "soldBy": null,
    "showSoldBy": false,
    "disclaimer": null,
    "pharmacyInformation": null,
    "siteRestrictions": {
      "openOrder": {
        "add": "Allowed",
        "edit": "Allowed",
        "remove": "Allowed"
      }
    },
    "shops": [
      {
        "id": "1",
        "name": "mathem"
      }
    ]
  },
  {
    "id": "22526",
    "name": "Gourmetskinka Rökt",
    "fullName": "Gourmetskinka Rökt 200g Pärsons",
    "gtin": "7330797088794",
    "url": "/varor/rokt-skinka/gourmetskinka-rokt-200g-parsons",
    "images": {
      "SMALL": "//static.mathem.se/shared/images/products/small/07330797088794_c1l1.jpg",
      "MEDIUM": "//static.mathem.se/shared/images/products/medium/07330797088794_c1l1.jpg",
      "LARGE": "//static.mathem.se/shared/images/products/large/07330797088794_c1l1.jpg",
      "ORIGINAL": "//static.mathem.se/shared/images/products/original/07330797088794_c1l1.jpg"
    },
    "defaultQuantity": 0,
    "price": 30.95,
    "recyleFee": 0,
    "quantity": 200,
    "unit": "g",
    "approximateQuantity": false,
    "comparisonPrice": 154.75,
    "comparisonUnit": "kg",
    "amountInPackage": 35,
    "deliverableWeekdays": [],
    "discount": null,
    "department": {
      "id": 11,
      "name": "Kött & Chark",
      "url": "kott-o-chark",
      "atHome": false
    },
    "category": {
      "name": "Kött, Fågel & Chark"
    },
    "categoryAncestry": [
      {
        "id": 762,
        "name": "Rökt Skinka",
        "url": "rokt-skinka"
      },
      {
        "id": 66,
        "name": "Skinka pålägg",
        "url": "skinka-palagg"
      },
      {
        "id": 4682,
        "name": "Pålägg",
        "url": "palagg"
      },
      {
        "id": 11,
        "name": "Kött & Chark",
        "url": "kott-o-chark"
      }
    ],
    "brand": {
      "id": 2543,
      "name": "Pärsons",
      "url": "parsons"
    },
    "supplier": {
      "id": 10607,
      "name": "HK Scan Kött",
      "url": "hk-scan-kott"
    },
    "badges": [
      {
        "id": 2233,
        "name": "Kött från Sverige",
        "imageUrl": "kott_fran_sverige.png",
        "toolTip": "Kött från Sverige"
      }
    ],
    "preferences": {
      "dietary": [],
      "labels": [
        {
          "name": "Kött från Sverige"
        },
        {
          "name": "Nyckelhålsmärkt"
        }
      ]
    },
    "availability": "AVAILABLE",
    "subscriptionProduct": false,
    "origin": {
      "id": 73,
      "name": "Sverige",
      "icon": "Sverige.gif"
    },
    "ageRestriction": false,
    "isWine": false,
    "rating": {
      "avgRating": 3,
      "votes": 19
    },
    "productPlacement": false,
    "_score": 364.9897,
    "subtitle": null,
    "externalUrl": null,
    "soldBy": null,
    "showSoldBy": false,
    "disclaimer": null,
    "pharmacyInformation": null,
    "siteRestrictions": {
      "openOrder": {
        "add": "Allowed",
        "edit": "Allowed",
        "remove": "Allowed"
      }
    },
    "shops": [
      {
        "id": "1",
        "name": "mathem"
      }
    ]
  },
  {
    "id": "22534",
    "name": "Kalkon Rökt Skivad",
    "fullName": "Kalkon Rökt Skivad 200g Pärsons",
    "gtin": "7330797088954",
    "url": "/varor/kalkon-palagg/kalkon-rokt-skivad-200g-parsons",
    "images": {
      "SMALL": "//static.mathem.se/shared/images/products/small/07330797088954_c1l1.jpg",
      "MEDIUM": "//static.mathem.se/shared/images/products/medium/07330797088954_c1l1.jpg",
      "LARGE": "//static.mathem.se/shared/images/products/large/07330797088954_c1l1.jpg",
      "ORIGINAL": "//static.mathem.se/shared/images/products/original/07330797088954_c1l1.jpg"
    },
    "defaultQuantity": 0,
    "price": 36.95,
    "recyleFee": 0,
    "quantity": 200,
    "unit": "g",
    "approximateQuantity": false,
    "comparisonPrice": 184.75,
    "comparisonUnit": "kg",
    "amountInPackage": 0,
    "deliverableWeekdays": [],
    "discount": null,
    "department": {
      "id": 11,
      "name": "Kött & Chark",
      "url": "kott-o-chark",
      "atHome": false
    },
    "category": {
      "name": "Kött, Fågel & Chark"
    },
    "categoryAncestry": [
      {
        "id": 3734,
        "name": "Kalkon Pålägg",
        "url": "kalkon-palagg"
      },
      {
        "id": 4682,
        "name": "Pålägg",
        "url": "palagg"
      },
      {
        "id": 11,
        "name": "Kött & Chark",
        "url": "kott-o-chark"
      }
    ],
    "brand": {
      "id": 2543,
      "name": "Pärsons",
      "url": "parsons"
    },
    "supplier": {
      "id": 10607,
      "name": "HK Scan Kött",
      "url": "hk-scan-kott"
    },
    "badges": [],
    "preferences": {
      "dietary": [],
      "labels": [
        {
          "name": "Nyckelhålsmärkt"
        }
      ]
    },
    "availability": "AVAILABLE",
    "subscriptionProduct": false,
    "origin": {
      "id": 13,
      "name": "Tyskland",
      "icon": "Tyskland.gif"
    },
    "ageRestriction": false,
    "isWine": false,
    "rating": {
      "avgRating": 3,
      "votes": 6
    },
    "productPlacement": false,
    "_score": 360.9897,
    "subtitle": null,
    "externalUrl": null,
    "soldBy": null,
    "showSoldBy": false,
    "disclaimer": null,
    "pharmacyInformation": null,
    "siteRestrictions": {
      "openOrder": {
        "add": "Allowed",
        "edit": "Allowed",
        "remove": "Allowed"
      }
    },
    "shops": [
      {
        "id": "1",
        "name": "mathem"
      }
    ]
  },
  {
    "id": "11258",
    "name": "Kokt Medwurst",
    "fullName": "Kokt Medwurst 110g Scan",
    "gtin": "7300202713009",
    "url": "/varor/medwurst/kokt-medwurst-100g-scan",
    "images": {
      "SMALL": "//static.mathem.se/shared/images/products/small/07300202713009_c1n1.jpg",
      "MEDIUM": "//static.mathem.se/shared/images/products/medium/07300202713009_c1n1.jpg",
      "LARGE": "//static.mathem.se/shared/images/products/large/07300202713009_c1n1.jpg",
      "ORIGINAL": "//static.mathem.se/shared/images/products/original/07300202713009_c1n1.jpg"
    },
    "defaultQuantity": 0,
    "price": 16.5,
    "recyleFee": 0,
    "quantity": 110,
    "unit": "g",
    "approximateQuantity": false,
    "comparisonPrice": 150,
    "comparisonUnit": "kg",
    "amountInPackage": 0,
    "deliverableWeekdays": [],
    "discount": null,
    "department": {
      "id": 11,
      "name": "Kött & Chark",
      "url": "kott-o-chark",
      "atHome": false
    },
    "category": {
      "name": "Kött, Fågel & Chark"
    },
    "categoryAncestry": [
      {
        "id": 2286,
        "name": "Medwurst",
        "url": "medwurst"
      },
      {
        "id": 4682,
        "name": "Pålägg",
        "url": "palagg"
      },
      {
        "id": 11,
        "name": "Kött & Chark",
        "url": "kott-o-chark"
      }
    ],
    "brand": {
      "id": 7863,
      "name": "Scan",
      "url": "scan"
    },
    "supplier": {
      "id": 10607,
      "name": "HK Scan Kött",
      "url": "hk-scan-kott"
    },
    "badges": [],
    "preferences": {
      "dietary": [],
      "labels": []
    },
    "availability": "AVAILABLE",
    "subscriptionProduct": false,
    "origin": {
      "id": 73,
      "name": "Sverige",
      "icon": "Sverige.gif"
    },
    "ageRestriction": false,
    "isWine": false,
    "rating": {
      "avgRating": 2,
      "votes": 10
    },
    "productPlacement": false,
    "_score": 358.9897,
    "subtitle": null,
    "externalUrl": null,
    "soldBy": null,
    "showSoldBy": false,
    "disclaimer": null,
    "pharmacyInformation": null,
    "siteRestrictions": {
      "openOrder": {
        "add": "Allowed",
        "edit": "Allowed",
        "remove": "Allowed"
      }
    },
    "shops": [
      {
        "id": "1",
        "name": "mathem"
      }
    ]
  },
  {
    "id": "22527",
    "name": "Gourmetskinka Kokt",
    "fullName": "Gourmetskinka Kokt 200g Pärsons",
    "gtin": "7330797088800",
    "url": "/varor/kokt-skinka/gourmetskinka-kokt-200g-parsons",
    "images": {
      "SMALL": "//static.mathem.se/shared/images/products/small/07330797088800_c1n1.jpg",
      "MEDIUM": "//static.mathem.se/shared/images/products/medium/07330797088800_c1n1.jpg",
      "LARGE": "//static.mathem.se/shared/images/products/large/07330797088800_c1n1.jpg",
      "ORIGINAL": "//static.mathem.se/shared/images/products/original/07330797088800_c1n1.jpg"
    },
    "defaultQuantity": 0,
    "price": 30.95,
    "recyleFee": 0,
    "quantity": 200,
    "unit": "g",
    "approximateQuantity": false,
    "comparisonPrice": 154.75,
    "comparisonUnit": "kg",
    "amountInPackage": 0,
    "deliverableWeekdays": [],
    "discount": null,
    "department": {
      "id": 11,
      "name": "Kött & Chark",
      "url": "kott-o-chark",
      "atHome": false
    },
    "category": {
      "name": "Kött, Fågel & Chark"
    },
    "categoryAncestry": [
      {
        "id": 1388,
        "name": "Kokt Skinka",
        "url": "kokt-skinka"
      },
      {
        "id": 66,
        "name": "Skinka pålägg",
        "url": "skinka-palagg"
      },
      {
        "id": 4682,
        "name": "Pålägg",
        "url": "palagg"
      },
      {
        "id": 11,
        "name": "Kött & Chark",
        "url": "kott-o-chark"
      }
    ],
    "brand": {
      "id": 2543,
      "name": "Pärsons",
      "url": "parsons"
    },
    "supplier": {
      "id": 10607,
      "name": "HK Scan Kött",
      "url": "hk-scan-kott"
    },
    "badges": [
      {
        "id": 2233,
        "name": "Kött från Sverige",
        "imageUrl": "kott_fran_sverige.png",
        "toolTip": "Kött från Sverige"
      }
    ],
    "preferences": {
      "dietary": [],
      "labels": [
        {
          "name": "Kött från Sverige"
        },
        {
          "name": "Nyckelhålsmärkt"
        }
      ]
    },
    "availability": "AVAILABLE",
    "subscriptionProduct": false,
    "origin": {
      "id": 73,
      "name": "Sverige",
      "icon": "Sverige.gif"
    },
    "ageRestriction": false,
    "isWine": false,
    "rating": {
      "avgRating": 3,
      "votes": 6
    },
    "productPlacement": false,
    "_score": 354.9897,
    "subtitle": null,
    "externalUrl": null,
    "soldBy": null,
    "showSoldBy": false,
    "disclaimer": null,
    "pharmacyInformation": null,
    "siteRestrictions": {
      "openOrder": {
        "add": "Allowed",
        "edit": "Allowed",
        "remove": "Allowed"
      }
    },
    "shops": [
      {
        "id": "1",
        "name": "mathem"
      }
    ]
  },
  {
    "id": "54203",
    "name": "Kokt Emilskinka",
    "fullName": "Kokt Emilskinka 120g Pärsons",
    "gtin": "7330797077132",
    "url": "/varor/kokt-skinka/emilskinka-kokt-120g-parsons-54203",
    "images": {
      "SMALL": "//static.mathem.se/shared/images/products/small/emilskinka-kokt-120g-parsons.jpg",
      "MEDIUM": "//static.mathem.se/shared/images/products/medium/emilskinka-kokt-120g-parsons.jpg",
      "LARGE": "//static.mathem.se/shared/images/products/large/emilskinka-kokt-120g-parsons.jpg",
      "ORIGINAL": "//static.mathem.se/shared/images/products/original/emilskinka-kokt-120g-parsons.jpg"
    },
    "defaultQuantity": 0,
    "price": 28.95,
    "recyleFee": 0,
    "quantity": 120,
    "unit": "g",
    "approximateQuantity": false,
    "comparisonPrice": 241.25,
    "comparisonUnit": "kg",
    "amountInPackage": 1,
    "deliverableWeekdays": [],
    "discount": null,
    "department": {
      "id": 11,
      "name": "Kött & Chark",
      "url": "kott-o-chark",
      "atHome": false
    },
    "category": {
      "name": "Kött, Fågel & Chark"
    },
    "categoryAncestry": [
      {
        "id": 1388,
        "name": "Kokt Skinka",
        "url": "kokt-skinka"
      },
      {
        "id": 66,
        "name": "Skinka pålägg",
        "url": "skinka-palagg"
      },
      {
        "id": 4682,
        "name": "Pålägg",
        "url": "palagg"
      },
      {
        "id": 11,
        "name": "Kött & Chark",
        "url": "kott-o-chark"
      }
    ],
    "brand": {
      "id": 2543,
      "name": "Pärsons",
      "url": "parsons"
    },
    "supplier": {
      "id": 10607,
      "name": "HK Scan Kött",
      "url": "hk-scan-kott"
    },
    "badges": [
      {
        "id": 2233,
        "name": "Kött från Sverige",
        "imageUrl": "kott_fran_sverige.png",
        "toolTip": "Kött från Sverige"
      }
    ],
    "preferences": {
      "dietary": [],
      "labels": [
        {
          "name": "Kött från Sverige"
        },
        {
          "name": "Nyckelhålsmärkt"
        }
      ]
    },
    "availability": "AVAILABLE",
    "subscriptionProduct": false,
    "origin": {
      "id": 73,
      "name": "Sverige",
      "icon": "Sverige.gif"
    },
    "ageRestriction": false,
    "isWine": false,
    "rating": {
      "avgRating": 4,
      "votes": 4
    },
    "productPlacement": false,
    "_score": 334.9897,
    "subtitle": null,
    "externalUrl": null,
    "soldBy": null,
    "showSoldBy": false,
    "disclaimer": null,
    "pharmacyInformation": null,
    "siteRestrictions": {
      "openOrder": {
        "add": "Allowed",
        "edit": "Allowed",
        "remove": "Allowed"
      }
    },
    "shops": [
      {
        "id": "1",
        "name": "mathem"
      }
    ]
  },
  {
    "id": "95746",
    "name": "Mor Matildas Kokta Skinka",
    "fullName": "Mor Matildas Kokta Skinka 120g Jakobsdals",
    "gtin": "7391196007144",
    "url": "/varor/skinka-palagg/mor-matildas-kokta-skinka-120g-jakobsdals",
    "images": {
      "SMALL": "//static.mathem.se/shared/images/products/small/07391196007144_c1n1.jpeg.jpg",
      "MEDIUM": "//static.mathem.se/shared/images/products/medium/07391196007144_c1n1.jpeg.jpg",
      "LARGE": "//static.mathem.se/shared/images/products/large/07391196007144_c1n1.jpeg.jpg",
      "ORIGINAL": "//static.mathem.se/shared/images/products/original/07391196007144_c1n1.jpeg.jpg"
    },
    "defaultQuantity": 0,
    "price": 29.95,
    "recyleFee": 0,
    "quantity": 120,
    "unit": "g",
    "approximateQuantity": false,
    "comparisonPrice": 249.58,
    "comparisonUnit": "kg",
    "amountInPackage": 1,
    "deliverableWeekdays": [],
    "discount": null,
    "department": {
      "id": 11,
      "name": "Kött & Chark",
      "url": "kott-o-chark",
      "atHome": false
    },
    "category": {
      "name": "Kött, Fågel & Chark"
    },
    "categoryAncestry": [
      {
        "id": 66,
        "name": "Skinka pålägg",
        "url": "skinka-palagg"
      },
      {
        "id": 4682,
        "name": "Pålägg",
        "url": "palagg"
      },
      {
        "id": 11,
        "name": "Kött & Chark",
        "url": "kott-o-chark"
      }
    ],
    "brand": {
      "id": 2865,
      "name": "Jakobsdals",
      "url": "jakobsdals"
    },
    "supplier": {
      "id": 6495,
      "name": "AB Jakobsdals Charkuteri",
      "url": "ab-jakobsdals-charkuteri"
    },
    "badges": [
      {
        "id": 2233,
        "name": "Kött från Sverige",
        "imageUrl": "kott_fran_sverige.png",
        "toolTip": "Kött från Sverige"
      }
    ],
    "preferences": {
      "dietary": [],
      "labels": [
        {
          "name": "Kött från Sverige"
        },
        {
          "name": "Nyckelhålsmärkt"
        }
      ]
    },
    "availability": "AVAILABLE",
    "subscriptionProduct": false,
    "origin": {
      "id": 73,
      "name": "Sverige",
      "icon": "Sverige.gif"
    },
    "ageRestriction": false,
    "isWine": false,
    "rating": {
      "avgRating": 4,
      "votes": 5
    },
    "productPlacement": false,
    "_score": 324.9897,
    "subtitle": null,
    "externalUrl": null,
    "soldBy": null,
    "showSoldBy": false,
    "disclaimer": null,
    "pharmacyInformation": null,
    "siteRestrictions": {
      "openOrder": {
        "add": "Allowed",
        "edit": "Allowed",
        "remove": "Allowed"
      }
    },
    "shops": [
      {
        "id": "1",
        "name": "mathem"
      }
    ]
  },
  {
    "id": "22530",
    "name": "Hushållsmedwurst Tunnskivad",
    "fullName": "Hushållsmedwurst Tunnskivad 200g Pärsons",
    "gtin": "7330797088879",
    "url": "/varor/medwurst/hushallsmedwurst-tunnskivad-200g-parsons",
    "images": {
      "SMALL": "//static.mathem.se/shared/images/products/small/07330797088879_c1l1.jpeg.jpg",
      "MEDIUM": "//static.mathem.se/shared/images/products/medium/07330797088879_c1l1.jpeg.jpg",
      "LARGE": "//static.mathem.se/shared/images/products/large/07330797088879_c1l1.jpeg.jpg",
      "ORIGINAL": "//static.mathem.se/shared/images/products/original/07330797088879_c1l1.jpeg.jpg"
    },
    "defaultQuantity": 0,
    "price": 26.95,
    "recyleFee": 0,
    "quantity": 200,
    "unit": "g",
    "approximateQuantity": false,
    "comparisonPrice": 134.75,
    "comparisonUnit": "kg",
    "amountInPackage": 0,
    "deliverableWeekdays": [],
    "discount": null,
    "department": {
      "id": 11,
      "name": "Kött & Chark",
      "url": "kott-o-chark",
      "atHome": false
    },
    "category": {
      "name": "Kött, Fågel & Chark"
    },
    "categoryAncestry": [
      {
        "id": 2286,
        "name": "Medwurst",
        "url": "medwurst"
      },
      {
        "id": 4682,
        "name": "Pålägg",
        "url": "palagg"
      },
      {
        "id": 11,
        "name": "Kött & Chark",
        "url": "kott-o-chark"
      }
    ],
    "brand": {
      "id": 2543,
      "name": "Pärsons",
      "url": "parsons"
    },
    "supplier": {
      "id": 10607,
      "name": "HK Scan Kött",
      "url": "hk-scan-kott"
    },
    "badges": [
      {
        "id": 2233,
        "name": "Kött från Sverige",
        "imageUrl": "kott_fran_sverige.png",
        "toolTip": "Kött från Sverige"
      }
    ],
    "preferences": {
      "dietary": [],
      "labels": [
        {
          "name": "Kött från Sverige"
        }
      ]
    },
    "availability": "AVAILABLE",
    "subscriptionProduct": false,
    "origin": {
      "id": 73,
      "name": "Sverige",
      "icon": "Sverige.gif"
    },
    "ageRestriction": false,
    "isWine": false,
    "rating": {
      "avgRating": 3,
      "votes": 4
    },
    "productPlacement": false,
    "_score": 324.9897,
    "subtitle": null,
    "externalUrl": null,
    "soldBy": null,
    "showSoldBy": false,
    "disclaimer": null,
    "pharmacyInformation": null,
    "siteRestrictions": {
      "openOrder": {
        "add": "Allowed",
        "edit": "Allowed",
        "remove": "Allowed"
      }
    },
    "shops": [
      {
        "id": "1",
        "name": "mathem"
      }
    ]
  },
  {
    "id": "22529",
    "name": "Cognacsmedwurst Tunnskivad",
    "fullName": "Cognacsmedwurst Tunnskivad 200g Pärsons",
    "gtin": "7330797088855",
    "url": "/varor/cognacsmedwurst/cognacsmedwurst-tunnskivad-200g-parsons",
    "images": {
      "SMALL": "//static.mathem.se/shared/images/products/small/07330797088855_c1l1.jpg",
      "MEDIUM": "//static.mathem.se/shared/images/products/medium/07330797088855_c1l1.jpg",
      "LARGE": "//static.mathem.se/shared/images/products/large/07330797088855_c1l1.jpg",
      "ORIGINAL": "//static.mathem.se/shared/images/products/original/07330797088855_c1l1.jpg"
    },
    "defaultQuantity": 0,
    "price": 26.95,
    "recyleFee": 0,
    "quantity": 200,
    "unit": "g",
    "approximateQuantity": false,
    "comparisonPrice": 134.75,
    "comparisonUnit": "kg",
    "amountInPackage": 1,
    "deliverableWeekdays": [],
    "discount": null,
    "department": {
      "id": 11,
      "name": "Kött & Chark",
      "url": "kott-o-chark",
      "atHome": false
    },
    "category": {
      "name": "Kött, Fågel & Chark"
    },
    "categoryAncestry": [
      {
        "id": 2123,
        "name": "Cognacsmedwurst",
        "url": "cognacsmedwurst"
      },
      {
        "id": 2286,
        "name": "Medwurst",
        "url": "medwurst"
      },
      {
        "id": 4682,
        "name": "Pålägg",
        "url": "palagg"
      },
      {
        "id": 11,
        "name": "Kött & Chark",
        "url": "kott-o-chark"
      }
    ],
    "brand": {
      "id": 2543,
      "name": "Pärsons",
      "url": "parsons"
    },
    "supplier": {
      "id": 10607,
      "name": "HK Scan Kött",
      "url": "hk-scan-kott"
    },
    "badges": [
      {
        "id": 2233,
        "name": "Kött från Sverige",
        "imageUrl": "kott_fran_sverige.png",
        "toolTip": "Kött från Sverige"
      }
    ],
    "preferences": {
      "dietary": [],
      "labels": [
        {
          "name": "Kött från Sverige"
        }
      ]
    },
    "availability": "AVAILABLE",
    "subscriptionProduct": false,
    "origin": {
      "id": 73,
      "name": "Sverige",
      "icon": "Sverige.gif"
    },
    "ageRestriction": false,
    "isWine": false,
    "rating": {
      "avgRating": 4,
      "votes": 4
    },
    "productPlacement": false,
    "_score": 324.9897,
    "subtitle": null,
    "externalUrl": null,
    "soldBy": null,
    "showSoldBy": false,
    "disclaimer": null,
    "pharmacyInformation": null,
    "siteRestrictions": {
      "openOrder": {
        "add": "Allowed",
        "edit": "Allowed",
        "remove": "Allowed"
      }
    },
    "shops": [
      {
        "id": "1",
        "name": "mathem"
      }
    ]
  },
  {
    "id": "132835",
    "name": "Coca-Cola Zero Sugar 20x33cl",
    "fullName": "Coca-Cola Zero Sugar 20x33cl",
    "gtin": "5449000259240",
    "url": "/varor/lask-multipack/coca-cola-zero-20x33cl",
    "images": {
      "SMALL": "//static.mathem.se/shared/images/products/small/05449000259240_c1l1.jpg",
      "MEDIUM": "//static.mathem.se/shared/images/products/medium/05449000259240_c1l1.jpg",
      "LARGE": "//static.mathem.se/shared/images/products/large/05449000259240_c1l1.jpg",
      "ORIGINAL": "//static.mathem.se/shared/images/products/original/05449000259240_c1l1.jpg"
    },
    "defaultQuantity": 0,
    "price": 149,
    "recyleFee": 20,
    "quantity": 660,
    "unit": "cl",
    "approximateQuantity": false,
    "comparisonPrice": 22.58,
    "comparisonUnit": "l",
    "amountInPackage": 20,
    "deliverableWeekdays": [],
    "discount": null,
    "department": {
      "id": 13,
      "name": "Dryck",
      "url": "dryck",
      "atHome": false
    },
    "category": {
      "name": "Dryck"
    },
    "categoryAncestry": [
      {
        "id": 7671,
        "name": "Läsk multipack",
        "url": "lask-multipack"
      },
      {
        "id": 3810,
        "name": "Läsk",
        "url": "vatten--lask-o-ol"
      },
      {
        "id": 13,
        "name": "Dryck",
        "url": "dryck"
      }
    ],
    "brand": {
      "id": 2336,
      "name": "Coca-Cola",
      "url": "coca-cola"
    },
    "supplier": {
      "id": 6777,
      "name": "Coca Cola Enterprises Sverige AB",
      "url": "coca-cola-enterprises-sverige-ab"
    },
    "badges": [],
    "preferences": {
      "dietary": [],
      "labels": []
    },
    "availability": "AVAILABLE",
    "subscriptionProduct": false,
    "origin": null,
    "ageRestriction": false,
    "isWine": false,
    "rating": {
      "avgRating": 3,
      "votes": 25
    },
    "productPlacement": false,
    "_score": 412.62946,
    "subtitle": null,
    "externalUrl": null,
    "soldBy": null,
    "showSoldBy": false,
    "disclaimer": null,
    "pharmacyInformation": null,
    "siteRestrictions": {
      "openOrder": {
        "add": "Allowed",
        "edit": "Allowed",
        "remove": "Allowed"
      }
    },
    "shops": [
      {
        "id": "1",
        "name": "mathem"
      }
    ]
  },
  {
    "id": "8467",
    "name": "Coca-Cola Zero Sugar 1,5L",
    "fullName": "Coca-Cola Zero Sugar 1,5L",
    "gtin": "5449000133335",
    "url": "/varor/lask-stor/coca-cola-zero-1-5l-",
    "images": {
      "SMALL": "//static.mathem.se/shared/images/products/small/coca-cola-zero-sugar-1-5l-1.jpg",
      "MEDIUM": "//static.mathem.se/shared/images/products/medium/coca-cola-zero-sugar-1-5l-1.jpg",
      "LARGE": "//static.mathem.se/shared/images/products/large/coca-cola-zero-sugar-1-5l-1.jpg",
      "ORIGINAL": "//static.mathem.se/shared/images/products/original/coca-cola-zero-sugar-1-5l-1.jpg"
    },
    "defaultQuantity": 0,
    "price": 20.95,
    "recyleFee": 2,
    "quantity": 1.5,
    "unit": "l",
    "approximateQuantity": false,
    "comparisonPrice": 13.97,
    "comparisonUnit": "l",
    "amountInPackage": 1,
    "deliverableWeekdays": [],
    "discount": {
      "discountType": "MIX_MATCH",
      "campaignType": "WEEKLY",
      "id": 1688426,
      "quantityToBeBought": 2,
      "discountCountLimit": 0,
      "discountUsageLimitOnAllOrders": 0,
      "discountMessage": null,
      "discountText": null,
      "displayPrice": 35,
      "price": 35,
      "unitPrice": 17.5,
      "comparisonPrice": 11.67,
      "savings": 5.45,
      "percentageSavings": 23,
      "allowedMemberTypes": null
    },
    "department": {
      "id": 13,
      "name": "Dryck",
      "url": "dryck",
      "atHome": false
    },
    "category": {
      "name": "Dryck"
    },
    "categoryAncestry": [
      {
        "id": 7683,
        "name": "Läsk stor",
        "url": "lask-stor"
      },
      {
        "id": 3810,
        "name": "Läsk",
        "url": "vatten--lask-o-ol"
      },
      {
        "id": 13,
        "name": "Dryck",
        "url": "dryck"
      }
    ],
    "brand": {
      "id": 2336,
      "name": "Coca-Cola",
      "url": "coca-cola"
    },
    "supplier": {
      "id": 6777,
      "name": "Coca Cola Enterprises Sverige AB",
      "url": "coca-cola-enterprises-sverige-ab"
    },
    "badges": [],
    "preferences": {
      "dietary": [],
      "labels": []
    },
    "availability": "AVAILABLE",
    "subscriptionProduct": false,
    "origin": null,
    "ageRestriction": false,
    "isWine": false,
    "rating": {
      "avgRating": 3,
      "votes": 12
    },
    "productPlacement": false,
    "_score": 374.62946,
    "subtitle": null,
    "externalUrl": null,
    "soldBy": null,
    "showSoldBy": false,
    "disclaimer": null,
    "pharmacyInformation": null,
    "siteRestrictions": {
      "openOrder": {
        "add": "Allowed",
        "edit": "Allowed",
        "remove": "Allowed"
      }
    },
    "shops": [
      {
        "id": "1",
        "name": "mathem"
      }
    ]
  },
  {
    "id": "8469",
    "name": "Coca-Cola Zero Sugar 10x33cl",
    "fullName": "Coca-Cola Zero Sugar 10x33cl",
    "gtin": "5449000259189",
    "url": "/varor/lask-multipack/coca-cola-zero-10x33cl-",
    "images": {
      "SMALL": "//static.mathem.se/shared/images/products/small/coca-cola-zero-sugar-10x33cl.jpg",
      "MEDIUM": "//static.mathem.se/shared/images/products/medium/coca-cola-zero-sugar-10x33cl.jpg",
      "LARGE": "//static.mathem.se/shared/images/products/large/coca-cola-zero-sugar-10x33cl.jpg",
      "ORIGINAL": "//static.mathem.se/shared/images/products/original/coca-cola-zero-sugar-10x33cl.jpg"
    },
    "defaultQuantity": 0,
    "price": 79.95,
    "recyleFee": 10,
    "quantity": 330,
    "unit": "cl",
    "approximateQuantity": false,
    "comparisonPrice": 24.23,
    "comparisonUnit": "l",
    "amountInPackage": 10,
    "deliverableWeekdays": [],
    "discount": null,
    "department": {
      "id": 13,
      "name": "Dryck",
      "url": "dryck",
      "atHome": false
    },
    "category": {
      "name": "Dryck"
    },
    "categoryAncestry": [
      {
        "id": 7671,
        "name": "Läsk multipack",
        "url": "lask-multipack"
      },
      {
        "id": 3810,
        "name": "Läsk",
        "url": "vatten--lask-o-ol"
      },
      {
        "id": 13,
        "name": "Dryck",
        "url": "dryck"
      }
    ],
    "brand": {
      "id": 2336,
      "name": "Coca-Cola",
      "url": "coca-cola"
    },
    "supplier": {
      "id": 6777,
      "name": "Coca Cola Enterprises Sverige AB",
      "url": "coca-cola-enterprises-sverige-ab"
    },
    "badges": [],
    "preferences": {
      "dietary": [],
      "labels": []
    },
    "availability": "AVAILABLE",
    "subscriptionProduct": false,
    "origin": null,
    "ageRestriction": false,
    "isWine": false,
    "rating": {
      "avgRating": 3,
      "votes": 11
    },
    "productPlacement": false,
    "_score": 358.62946,
    "subtitle": null,
    "externalUrl": null,
    "soldBy": null,
    "showSoldBy": false,
    "disclaimer": null,
    "pharmacyInformation": null,
    "siteRestrictions": {
      "openOrder": {
        "add": "Allowed",
        "edit": "Allowed",
        "remove": "Allowed"
      }
    },
    "shops": [
      {
        "id": "1",
        "name": "mathem"
      }
    ]
  },
  {
    "id": "8388",
    "name": "Coca-Cola 20x33cl",
    "fullName": "Coca-Cola 20x33cl",
    "gtin": "5449000259233",
    "url": "/varor/lask-multipack/coca-cola-family-pack-20x33cl",
    "images": {
      "SMALL": "//static.mathem.se/shared/images/products/small/05449000259233_c1l1.jpg",
      "MEDIUM": "//static.mathem.se/shared/images/products/medium/05449000259233_c1l1.jpg",
      "LARGE": "//static.mathem.se/shared/images/products/large/05449000259233_c1l1.jpg",
      "ORIGINAL": "//static.mathem.se/shared/images/products/original/05449000259233_c1l1.jpg"
    },
    "defaultQuantity": 0,
    "price": 149,
    "recyleFee": 20,
    "quantity": 660,
    "unit": "cl",
    "approximateQuantity": false,
    "comparisonPrice": 22.58,
    "comparisonUnit": "l",
    "amountInPackage": 20,
    "deliverableWeekdays": [],
    "discount": null,
    "department": {
      "id": 13,
      "name": "Dryck",
      "url": "dryck",
      "atHome": false
    },
    "category": {
      "name": "Dryck"
    },
    "categoryAncestry": [
      {
        "id": 7671,
        "name": "Läsk multipack",
        "url": "lask-multipack"
      },
      {
        "id": 3810,
        "name": "Läsk",
        "url": "vatten--lask-o-ol"
      },
      {
        "id": 13,
        "name": "Dryck",
        "url": "dryck"
      }
    ],
    "brand": {
      "id": 2336,
      "name": "Coca-Cola",
      "url": "coca-cola"
    },
    "supplier": {
      "id": 6777,
      "name": "Coca Cola Enterprises Sverige AB",
      "url": "coca-cola-enterprises-sverige-ab"
    },
    "badges": [],
    "preferences": {
      "dietary": [],
      "labels": []
    },
    "availability": "AVAILABLE",
    "subscriptionProduct": false,
    "origin": null,
    "ageRestriction": false,
    "isWine": false,
    "rating": {
      "avgRating": 3,
      "votes": 12
    },
    "productPlacement": false,
    "_score": 358.62946,
    "subtitle": null,
    "externalUrl": null,
    "soldBy": null,
    "showSoldBy": false,
    "disclaimer": null,
    "pharmacyInformation": null,
    "siteRestrictions": {
      "openOrder": {
        "add": "Allowed",
        "edit": "Allowed",
        "remove": "Allowed"
      }
    },
    "shops": [
      {
        "id": "1",
        "name": "mathem"
      }
    ]
  },
  {
    "id": "98928",
    "name": "Pepsi Max 24x33cl",
    "fullName": "Pepsi Max 24x33cl",
    "gtin": "7310074000299",
    "url": "/varor/lask-multipack/pepsi-max-24x33cl",
    "images": {
      "SMALL": "//static.mathem.se/shared/images/products/small/07310074000299_c1l1.jpg",
      "MEDIUM": "//static.mathem.se/shared/images/products/medium/07310074000299_c1l1.jpg",
      "LARGE": "//static.mathem.se/shared/images/products/large/07310074000299_c1l1.jpg",
      "ORIGINAL": "//static.mathem.se/shared/images/products/original/07310074000299_c1l1.jpg"
    },
    "defaultQuantity": 0,
    "price": 105,
    "recyleFee": 24,
    "quantity": 792,
    "unit": "cl",
    "approximateQuantity": false,
    "comparisonPrice": 13.26,
    "comparisonUnit": "l",
    "amountInPackage": 24,
    "deliverableWeekdays": [],
    "discount": null,
    "department": {
      "id": 13,
      "name": "Dryck",
      "url": "dryck",
      "atHome": false
    },
    "category": {
      "name": "Dryck"
    },
    "categoryAncestry": [
      {
        "id": 7671,
        "name": "Läsk multipack",
        "url": "lask-multipack"
      },
      {
        "id": 3810,
        "name": "Läsk",
        "url": "vatten--lask-o-ol"
      },
      {
        "id": 13,
        "name": "Dryck",
        "url": "dryck"
      }
    ],
    "brand": {
      "id": 2974,
      "name": "Pepsi",
      "url": "pepsi"
    },
    "supplier": {
      "id": 6735,
      "name": "Carlsberg Sverige AB",
      "url": "carlsberg-sverige-ab"
    },
    "badges": [],
    "preferences": {
      "dietary": [],
      "labels": []
    },
    "availability": "AVAILABLE",
    "subscriptionProduct": false,
    "origin": null,
    "ageRestriction": false,
    "isWine": false,
    "rating": {
      "avgRating": 4,
      "votes": 12
    },
    "productPlacement": false,
    "_score": 338.62946,
    "subtitle": null,
    "externalUrl": null,
    "soldBy": null,
    "showSoldBy": false,
    "disclaimer": null,
    "pharmacyInformation": null,
    "siteRestrictions": {
      "openOrder": {
        "add": "Allowed",
        "edit": "Allowed",
        "remove": "Allowed"
      }
    },
    "shops": [
      {
        "id": "1",
        "name": "mathem"
      }
    ]
  },
  {
    "id": "127432",
    "name": "Pepsi Max 4x150cl",
    "fullName": "Pepsi Max 4x150cl",
    "gtin": "7310074715087",
    "url": "/varor/lask-multipack/pepsi-max-4x150cl",
    "images": {
      "SMALL": "//static.mathem.se/shared/images/products/small/pepsi-max-4x150cl-1.jpg",
      "MEDIUM": "//static.mathem.se/shared/images/products/medium/pepsi-max-4x150cl-1.jpg",
      "LARGE": "//static.mathem.se/shared/images/products/large/pepsi-max-4x150cl-1.jpg",
      "ORIGINAL": "//static.mathem.se/shared/images/products/original/pepsi-max-4x150cl-1.jpg"
    },
    "defaultQuantity": 0,
    "price": 58.95,
    "recyleFee": 8,
    "quantity": 600,
    "unit": "cl",
    "approximateQuantity": false,
    "comparisonPrice": 9.83,
    "comparisonUnit": "l",
    "amountInPackage": 4,
    "deliverableWeekdays": [],
    "discount": null,
    "department": {
      "id": 13,
      "name": "Dryck",
      "url": "dryck",
      "atHome": false
    },
    "category": {
      "name": "Dryck"
    },
    "categoryAncestry": [
      {
        "id": 7671,
        "name": "Läsk multipack",
        "url": "lask-multipack"
      },
      {
        "id": 3810,
        "name": "Läsk",
        "url": "vatten--lask-o-ol"
      },
      {
        "id": 13,
        "name": "Dryck",
        "url": "dryck"
      }
    ],
    "brand": {
      "id": 2974,
      "name": "Pepsi",
      "url": "pepsi"
    },
    "supplier": {
      "id": 6735,
      "name": "Carlsberg Sverige AB",
      "url": "carlsberg-sverige-ab"
    },
    "badges": [],
    "preferences": {
      "dietary": [],
      "labels": []
    },
    "availability": "AVAILABLE",
    "subscriptionProduct": false,
    "origin": null,
    "ageRestriction": false,
    "isWine": false,
    "rating": {
      "avgRating": 4,
      "votes": 28
    },
    "productPlacement": false,
    "_score": 336.62946,
    "subtitle": null,
    "externalUrl": null,
    "soldBy": "mathem",
    "showSoldBy": false,
    "disclaimer": null,
    "pharmacyInformation": null,
    "siteRestrictions": {
      "openOrder": {
        "add": "Allowed",
        "edit": "Allowed",
        "remove": "Allowed"
      }
    },
    "shops": [
      {
        "id": "1",
        "name": "mathem"
      }
    ]
  },
  {
    "id": "119644",
    "name": "San Pellegrino Aranciata Rossa 6x33cl",
    "fullName": "San Pellegrino Aranciata Rossa 6x33cl",
    "gtin": "8002270386572",
    "url": "/varor/lask-multipack/rossa-6x33cl-san-pellegrino",
    "images": {
      "SMALL": "//static.mathem.se/shared/images/products/small/aranciata-rossa-6x33cl-san-pellegrino-1.jpg",
      "MEDIUM": "//static.mathem.se/shared/images/products/medium/aranciata-rossa-6x33cl-san-pellegrino-1.jpg",
      "LARGE": "//static.mathem.se/shared/images/products/large/aranciata-rossa-6x33cl-san-pellegrino-1.jpg",
      "ORIGINAL": "//static.mathem.se/shared/images/products/original/aranciata-rossa-6x33cl-san-pellegrino-1.jpg"
    },
    "defaultQuantity": 0,
    "price": 73.95,
    "recyleFee": 6,
    "quantity": 198,
    "unit": "cl",
    "approximateQuantity": false,
    "comparisonPrice": 37.35,
    "comparisonUnit": "l",
    "amountInPackage": 6,
    "deliverableWeekdays": [],
    "discount": null,
    "department": {
      "id": 13,
      "name": "Dryck",
      "url": "dryck",
      "atHome": false
    },
    "category": {
      "name": "Dryck"
    },
    "categoryAncestry": [
      {
        "id": 7671,
        "name": "Läsk multipack",
        "url": "lask-multipack"
      },
      {
        "id": 3810,
        "name": "Läsk",
        "url": "vatten--lask-o-ol"
      },
      {
        "id": 13,
        "name": "Dryck",
        "url": "dryck"
      }
    ],
    "brand": {
      "id": 10368,
      "name": "San pellegrino",
      "url": "san-pellegrino"
    },
    "supplier": {
      "id": 7242,
      "name": "Italspain",
      "url": "italspain"
    },
    "badges": [],
    "preferences": {
      "dietary": [],
      "labels": []
    },
    "availability": "AVAILABLE",
    "subscriptionProduct": false,
    "origin": null,
    "ageRestriction": false,
    "isWine": false,
    "rating": {
      "avgRating": 3,
      "votes": 26
    },
    "productPlacement": false,
    "_score": 332.62946,
    "subtitle": null,
    "externalUrl": null,
    "soldBy": null,
    "showSoldBy": false,
    "disclaimer": null,
    "pharmacyInformation": null,
    "siteRestrictions": {
      "openOrder": {
        "add": "Allowed",
        "edit": "Allowed",
        "remove": "Allowed"
      }
    },
    "shops": [
      {
        "id": "1",
        "name": "mathem"
      }
    ]
  },
  {
    "id": "8421",
    "name": "Coca-Cola 10x33cl",
    "fullName": "Coca-Cola 10x33cl",
    "gtin": "5449000259172",
    "url": "/varor/lask-multipack/coca-cola-10x33cl-",
    "images": {
      "SMALL": "//static.mathem.se/shared/images/products/small/05449000259172_c1l1.jpg",
      "MEDIUM": "//static.mathem.se/shared/images/products/medium/05449000259172_c1l1.jpg",
      "LARGE": "//static.mathem.se/shared/images/products/large/05449000259172_c1l1.jpg",
      "ORIGINAL": "//static.mathem.se/shared/images/products/original/05449000259172_c1l1.jpg"
    },
    "defaultQuantity": 0,
    "price": 79.95,
    "recyleFee": 10,
    "quantity": 330,
    "unit": "cl",
    "approximateQuantity": false,
    "comparisonPrice": 24.23,
    "comparisonUnit": "l",
    "amountInPackage": 10,
    "deliverableWeekdays": [],
    "discount": null,
    "department": {
      "id": 13,
      "name": "Dryck",
      "url": "dryck",
      "atHome": false
    },
    "category": {
      "name": "Dryck"
    },
    "categoryAncestry": [
      {
        "id": 7671,
        "name": "Läsk multipack",
        "url": "lask-multipack"
      },
      {
        "id": 3810,
        "name": "Läsk",
        "url": "vatten--lask-o-ol"
      },
      {
        "id": 13,
        "name": "Dryck",
        "url": "dryck"
      }
    ],
    "brand": {
      "id": 2336,
      "name": "Coca-Cola",
      "url": "coca-cola"
    },
    "supplier": {
      "id": 6777,
      "name": "Coca Cola Enterprises Sverige AB",
      "url": "coca-cola-enterprises-sverige-ab"
    },
    "badges": [],
    "preferences": {
      "dietary": [],
      "labels": []
    },
    "availability": "AVAILABLE",
    "subscriptionProduct": false,
    "origin": null,
    "ageRestriction": false,
    "isWine": false,
    "rating": {
      "avgRating": 3,
      "votes": 4
    },
    "productPlacement": false,
    "_score": 332.62946,
    "subtitle": null,
    "externalUrl": null,
    "soldBy": null,
    "showSoldBy": false,
    "disclaimer": null,
    "pharmacyInformation": null,
    "siteRestrictions": {
      "openOrder": {
        "add": "Allowed",
        "edit": "Allowed",
        "remove": "Allowed"
      }
    },
    "shops": [
      {
        "id": "1",
        "name": "mathem"
      }
    ]
  },
  {
    "id": "8384",
    "name": "Coca-Cola 1,5L",
    "fullName": "Coca-Cola 1,5L",
    "gtin": "5449000000439",
    "url": "/varor/lask-stor/coca-cola-1-5l",
    "images": {
      "SMALL": "//static.mathem.se/shared/images/products/small/05449000000439_c1n1.jpg",
      "MEDIUM": "//static.mathem.se/shared/images/products/medium/05449000000439_c1n1.jpg",
      "LARGE": "//static.mathem.se/shared/images/products/large/05449000000439_c1n1.jpg",
      "ORIGINAL": "//static.mathem.se/shared/images/products/original/05449000000439_c1n1.jpg"
    },
    "defaultQuantity": 0,
    "price": 20.95,
    "recyleFee": 2,
    "quantity": 1.5,
    "unit": "l",
    "approximateQuantity": false,
    "comparisonPrice": 13.97,
    "comparisonUnit": "l",
    "amountInPackage": 1,
    "deliverableWeekdays": [],
    "discount": {
      "discountType": "MIX_MATCH",
      "campaignType": "WEEKLY",
      "id": 1688426,
      "quantityToBeBought": 2,
      "discountCountLimit": 0,
      "discountUsageLimitOnAllOrders": 0,
      "discountMessage": null,
      "discountText": null,
      "displayPrice": 35,
      "price": 35,
      "unitPrice": 17.5,
      "comparisonPrice": 11.67,
      "savings": 5.45,
      "percentageSavings": 23,
      "allowedMemberTypes": null
    },
    "department": {
      "id": 13,
      "name": "Dryck",
      "url": "dryck",
      "atHome": false
    },
    "category": {
      "name": "Dryck"
    },
    "categoryAncestry": [
      {
        "id": 7683,
        "name": "Läsk stor",
        "url": "lask-stor"
      },
      {
        "id": 3810,
        "name": "Läsk",
        "url": "vatten--lask-o-ol"
      },
      {
        "id": 13,
        "name": "Dryck",
        "url": "dryck"
      }
    ],
    "brand": {
      "id": 2336,
      "name": "Coca-Cola",
      "url": "coca-cola"
    },
    "supplier": {
      "id": 6777,
      "name": "Coca Cola Enterprises Sverige AB",
      "url": "coca-cola-enterprises-sverige-ab"
    },
    "badges": [],
    "preferences": {
      "dietary": [],
      "labels": []
    },
    "availability": "AVAILABLE",
    "subscriptionProduct": false,
    "origin": null,
    "ageRestriction": false,
    "isWine": false,
    "rating": {
      "avgRating": 2,
      "votes": 14
    },
    "productPlacement": false,
    "_score": 322.62946,
    "subtitle": null,
    "externalUrl": null,
    "soldBy": null,
    "showSoldBy": false,
    "disclaimer": null,
    "pharmacyInformation": null,
    "siteRestrictions": {
      "openOrder": {
        "add": "Allowed",
        "edit": "Allowed",
        "remove": "Allowed"
      }
    },
    "shops": [
      {
        "id": "1",
        "name": "mathem"
      }
    ]
  },
  {
    "id": "22693",
    "name": "Coca-Cola 2L",
    "fullName": "Coca-Cola 2L",
    "gtin": "7331040059219",
    "url": "/varor/lask-stor/coca-cola-2l-",
    "images": {
      "SMALL": "//static.mathem.se/shared/images/products/small/07331040059219_c1n1.jpg",
      "MEDIUM": "//static.mathem.se/shared/images/products/medium/07331040059219_c1n1.jpg",
      "LARGE": "//static.mathem.se/shared/images/products/large/07331040059219_c1n1.jpg",
      "ORIGINAL": "//static.mathem.se/shared/images/products/original/07331040059219_c1n1.jpg"
    },
    "defaultQuantity": 0,
    "price": 23.95,
    "recyleFee": 2,
    "quantity": 200,
    "unit": "cl",
    "approximateQuantity": false,
    "comparisonPrice": 11.98,
    "comparisonUnit": "l",
    "amountInPackage": 0,
    "deliverableWeekdays": [],
    "discount": null,
    "department": {
      "id": 13,
      "name": "Dryck",
      "url": "dryck",
      "atHome": false
    },
    "category": {
      "name": "Dryck"
    },
    "categoryAncestry": [
      {
        "id": 7683,
        "name": "Läsk stor",
        "url": "lask-stor"
      },
      {
        "id": 3810,
        "name": "Läsk",
        "url": "vatten--lask-o-ol"
      },
      {
        "id": 13,
        "name": "Dryck",
        "url": "dryck"
      }
    ],
    "brand": {
      "id": 2336,
      "name": "Coca-Cola",
      "url": "coca-cola"
    },
    "supplier": {
      "id": 6777,
      "name": "Coca Cola Enterprises Sverige AB",
      "url": "coca-cola-enterprises-sverige-ab"
    },
    "badges": [],
    "preferences": {
      "dietary": [],
      "labels": []
    },
    "availability": "AVAILABLE",
    "subscriptionProduct": false,
    "origin": null,
    "ageRestriction": false,
    "isWine": false,
    "rating": {
      "avgRating": 4,
      "votes": 6
    },
    "productPlacement": false,
    "_score": 312.62946,
    "subtitle": null,
    "externalUrl": null,
    "soldBy": null,
    "showSoldBy": false,
    "disclaimer": null,
    "pharmacyInformation": null,
    "siteRestrictions": {
      "openOrder": {
        "add": "Allowed",
        "edit": "Allowed",
        "remove": "Allowed"
      }
    },
    "shops": [
      {
        "id": "1",
        "name": "mathem"
      }
    ]
  },
  {
    "id": "133375",
    "name": "Krossade Tomater EKO",
    "fullName": "Krossade Tomater EKO 390g Favorit",
    "gtin": "7331746173417",
    "url": "/varor/krossade-tomater/krossade-tomater-eko-390g-favorit-133375",
    "images": {
      "SMALL": "//static.mathem.se/shared/images/products/small/07331746173417_c1l1.jpg",
      "MEDIUM": "//static.mathem.se/shared/images/products/medium/07331746173417_c1l1.jpg",
      "LARGE": "//static.mathem.se/shared/images/products/large/07331746173417_c1l1.jpg",
      "ORIGINAL": "//static.mathem.se/shared/images/products/original/07331746173417_c1l1.jpg"
    },
    "defaultQuantity": 0,
    "price": 13.95,
    "recyleFee": 0,
    "quantity": 390,
    "unit": "g",
    "approximateQuantity": false,
    "comparisonPrice": 35.77,
    "comparisonUnit": "kg",
    "amountInPackage": 1,
    "deliverableWeekdays": [],
    "discount": {
      "discountType": "MULTI_DISCOUNT",
      "campaignType": "MULTI_PRICE",
      "id": 1562973,
      "quantityToBeBought": 3,
      "discountCountLimit": 0,
      "discountUsageLimitOnAllOrders": 0,
      "discountMessage": null,
      "discountText": null,
      "displayPrice": 33,
      "price": 33,
      "unitPrice": 11,
      "comparisonPrice": 28.21,
      "savings": 2.95,
      "percentageSavings": 21,
      "allowedMemberTypes": null
    },
    "department": {
      "id": 5,
      "name": "Skafferi",
      "url": "skafferi",
      "atHome": false
    },
    "category": {
      "name": "Skafferi"
    },
    "categoryAncestry": [
      {
        "id": 2578,
        "name": "Krossade Tomater",
        "url": "krossade-tomater"
      },
      {
        "id": 3553,
        "name": "Tomatkonserver",
        "url": "krossade-tomater-mm"
      },
      {
        "id": 261,
        "name": "Baljväxter & Konserver",
        "url": "bonor-o-linser"
      },
      {
        "id": 5,
        "name": "Skafferi",
        "url": "skafferi"
      }
    ],
    "brand": {
      "id": 2376,
      "name": "Favorit",
      "url": "favorit"
    },
    "supplier": {
      "id": 13435,
      "name": "Bergendahls EMV",
      "url": "bergendahls-emv"
    },
    "badges": [
      {
        "id": 2167,
        "name": "Ekologisk",
        "imageUrl": "ekoIcon.png",
        "toolTip": "Ekologisk"
      }
    ],
    "preferences": {
      "dietary": [],
      "labels": [
        {
          "name": "Ekologisk"
        }
      ]
    },
    "availability": "AVAILABLE",
    "subscriptionProduct": false,
    "origin": null,
    "ageRestriction": false,
    "isWine": false,
    "rating": {
      "avgRating": 2,
      "votes": 24
    },
    "productPlacement": false,
    "_score": 400.3333,
    "subtitle": null,
    "externalUrl": null,
    "soldBy": "mathem",
    "showSoldBy": false,
    "disclaimer": null,
    "pharmacyInformation": null,
    "siteRestrictions": {
      "openOrder": {
        "add": "Allowed",
        "edit": "Allowed",
        "remove": "Allowed"
      }
    },
    "shops": [
      {
        "id": "1",
        "name": "mathem"
      }
    ]
  },
  {
    "id": "17195",
    "name": "Kokosmjölk",
    "fullName": "Kokosmjölk 250ml Santa Maria",
    "gtin": "7311312005458",
    "url": "/varor/kokosmjolk/kokosmjolk--250ml-santa-maria",
    "images": {
      "SMALL": "//static.mathem.se/shared/images/products/small/kokosmjolk-250ml-santa-maria.jpg",
      "MEDIUM": "//static.mathem.se/shared/images/products/medium/kokosmjolk-250ml-santa-maria.jpg",
      "LARGE": "//static.mathem.se/shared/images/products/large/kokosmjolk-250ml-santa-maria.jpg",
      "ORIGINAL": "//static.mathem.se/shared/images/products/original/kokosmjolk-250ml-santa-maria.jpg"
    },
    "defaultQuantity": 0,
    "price": 17.95,
    "recyleFee": 0,
    "quantity": 250,
    "unit": "ml",
    "approximateQuantity": false,
    "comparisonPrice": 71.8,
    "comparisonUnit": "l",
    "amountInPackage": 1,
    "deliverableWeekdays": [],
    "discount": null,
    "department": {
      "id": 5,
      "name": "Skafferi",
      "url": "skafferi",
      "atHome": false
    },
    "category": {
      "name": "Skafferi"
    },
    "categoryAncestry": [
      {
        "id": 1146,
        "name": "Kokosmjölk",
        "url": "kokosmjolk"
      },
      {
        "id": 261,
        "name": "Baljväxter & Konserver",
        "url": "bonor-o-linser"
      },
      {
        "id": 5,
        "name": "Skafferi",
        "url": "skafferi"
      }
    ],
    "brand": {
      "id": 305,
      "name": "Santa Maria",
      "url": "santa-maria"
    },
    "supplier": {
      "id": 7848,
      "name": "Santa Maria AB",
      "url": "santa-maria-ab"
    },
    "badges": [],
    "preferences": {
      "dietary": [],
      "labels": []
    },
    "availability": "AVAILABLE",
    "subscriptionProduct": false,
    "origin": null,
    "ageRestriction": false,
    "isWine": false,
    "rating": {
      "avgRating": 3,
      "votes": 24
    },
    "productPlacement": true,
    "_score": 0,
    "subtitle": null,
    "externalUrl": null,
    "soldBy": null,
    "showSoldBy": false,
    "disclaimer": null,
    "pharmacyInformation": null,
    "siteRestrictions": {
      "openOrder": {
        "add": "Allowed",
        "edit": "Allowed",
        "remove": "Allowed"
      }
    },
    "shops": [
      {
        "id": "1",
        "name": "mathem"
      }
    ]
  },
  {
    "id": "160549",
    "name": "Majs 3x150g",
    "fullName": "Majs 3x150g Bonduelle",
    "gtin": "3083681127621",
    "url": "/varor/majskorn/majs-3x150-bonduelle",
    "images": {
      "SMALL": "//static.mathem.se/shared/images/products/small/majs-3x150g-bonduelle-2.jpg",
      "MEDIUM": "//static.mathem.se/shared/images/products/medium/majs-3x150g-bonduelle-2.jpg",
      "LARGE": "//static.mathem.se/shared/images/products/large/majs-3x150g-bonduelle-2.jpg",
      "ORIGINAL": "//static.mathem.se/shared/images/products/original/majs-3x150g-bonduelle-2.jpg"
    },
    "defaultQuantity": 0,
    "price": 28.95,
    "recyleFee": 0,
    "quantity": 450,
    "unit": "g",
    "approximateQuantity": false,
    "comparisonPrice": 64.33,
    "comparisonUnit": "kg",
    "amountInPackage": 3,
    "deliverableWeekdays": [],
    "discount": null,
    "department": {
      "id": 5,
      "name": "Skafferi",
      "url": "skafferi",
      "atHome": false
    },
    "category": {
      "name": "Skafferi"
    },
    "categoryAncestry": [
      {
        "id": 489,
        "name": "Majskorn",
        "url": "majskorn"
      },
      {
        "id": 261,
        "name": "Baljväxter & Konserver",
        "url": "bonor-o-linser"
      },
      {
        "id": 5,
        "name": "Skafferi",
        "url": "skafferi"
      }
    ],
    "brand": {
      "id": 2313,
      "name": "Bonduelle",
      "url": "bonduelle"
    },
    "supplier": {
      "id": 6675,
      "name": "Bonduelle Northern Europe",
      "url": "bonduelle-northern-europe"
    },
    "badges": [],
    "preferences": {
      "dietary": [],
      "labels": [
        {
          "name": "Nyckelhålsmärkt"
        }
      ]
    },
    "availability": "AVAILABLE",
    "subscriptionProduct": false,
    "origin": null,
    "ageRestriction": false,
    "isWine": false,
    "rating": {
      "avgRating": 3,
      "votes": 16
    },
    "productPlacement": false,
    "_score": 376.3333,
    "subtitle": null,
    "externalUrl": null,
    "soldBy": null,
    "showSoldBy": false,
    "disclaimer": null,
    "pharmacyInformation": null,
    "siteRestrictions": {
      "openOrder": {
        "add": "Allowed",
        "edit": "Allowed",
        "remove": "Allowed"
      }
    },
    "shops": [
      {
        "id": "1",
        "name": "mathem"
      }
    ]
  },
  {
    "id": "133366",
    "name": "Krossade Tomater",
    "fullName": "Krossade Tomater 390g Favorit",
    "gtin": "7331746173370",
    "url": "/varor/krossade-tomater/krossade-tomater-390g-favorit",
    "images": {
      "SMALL": "//static.mathem.se/shared/images/products/small/07331746173370_c1l1.jpg",
      "MEDIUM": "//static.mathem.se/shared/images/products/medium/07331746173370_c1l1.jpg",
      "LARGE": "//static.mathem.se/shared/images/products/large/07331746173370_c1l1.jpg",
      "ORIGINAL": "//static.mathem.se/shared/images/products/original/07331746173370_c1l1.jpg"
    },
    "defaultQuantity": 0,
    "price": 11.95,
    "recyleFee": 0,
    "quantity": 390,
    "unit": "g",
    "approximateQuantity": false,
    "comparisonPrice": 30.64,
    "comparisonUnit": "kg",
    "amountInPackage": 1,
    "deliverableWeekdays": [],
    "discount": {
      "discountType": "MULTI_DISCOUNT",
      "campaignType": "MULTI_PRICE",
      "id": 1560285,
      "quantityToBeBought": 3,
      "discountCountLimit": 0,
      "discountUsageLimitOnAllOrders": 0,
      "discountMessage": null,
      "discountText": null,
      "displayPrice": 27,
      "price": 27,
      "unitPrice": 9,
      "comparisonPrice": 23.08,
      "savings": 2.95,
      "percentageSavings": 24,
      "allowedMemberTypes": null
    },
    "department": {
      "id": 5,
      "name": "Skafferi",
      "url": "skafferi",
      "atHome": false
    },
    "category": {
      "name": "Skafferi"
    },
    "categoryAncestry": [
      {
        "id": 2578,
        "name": "Krossade Tomater",
        "url": "krossade-tomater"
      },
      {
        "id": 3553,
        "name": "Tomatkonserver",
        "url": "krossade-tomater-mm"
      },
      {
        "id": 261,
        "name": "Baljväxter & Konserver",
        "url": "bonor-o-linser"
      },
      {
        "id": 5,
        "name": "Skafferi",
        "url": "skafferi"
      }
    ],
    "brand": {
      "id": 2376,
      "name": "Favorit",
      "url": "favorit"
    },
    "supplier": {
      "id": 13435,
      "name": "Bergendahls EMV",
      "url": "bergendahls-emv"
    },
    "badges": [],
    "preferences": {
      "dietary": [],
      "labels": []
    },
    "availability": "AVAILABLE",
    "subscriptionProduct": false,
    "origin": null,
    "ageRestriction": false,
    "isWine": false,
    "rating": {
      "avgRating": 3,
      "votes": 10
    },
    "productPlacement": false,
    "_score": 358.3333,
    "subtitle": null,
    "externalUrl": null,
    "soldBy": null,
    "showSoldBy": false,
    "disclaimer": null,
    "pharmacyInformation": null,
    "siteRestrictions": {
      "openOrder": {
        "add": "Allowed",
        "edit": "Allowed",
        "remove": "Allowed"
      }
    },
    "shops": [
      {
        "id": "1",
        "name": "mathem"
      }
    ]
  },
  {
    "id": "65028",
    "name": "Rödbetor Skivade",
    "fullName": "Rödbetor Skivade 370g Felix",
    "gtin": "7310240051261",
    "url": "/varor/rodbetor-skivade/aptitrodbetor-skivade-370-g-felix",
    "images": {
      "SMALL": "//static.mathem.se/shared/images/products/small/07310240051261_c1n1.jpeg.jpg",
      "MEDIUM": "//static.mathem.se/shared/images/products/medium/07310240051261_c1n1.jpeg.jpg",
      "LARGE": "//static.mathem.se/shared/images/products/large/07310240051261_c1n1.jpeg.jpg",
      "ORIGINAL": "//static.mathem.se/shared/images/products/original/07310240051261_c1n1.jpeg.jpg"
    },
    "defaultQuantity": 0,
    "price": 18.95,
    "recyleFee": 0,
    "quantity": 370,
    "unit": "g",
    "approximateQuantity": false,
    "comparisonPrice": 51.22,
    "comparisonUnit": "kg",
    "amountInPackage": 370,
    "deliverableWeekdays": [],
    "discount": null,
    "department": {
      "id": 5,
      "name": "Skafferi",
      "url": "skafferi",
      "atHome": false
    },
    "category": {
      "name": "Skafferi"
    },
    "categoryAncestry": [
      {
        "id": 1088,
        "name": "Rödbetor Skivade",
        "url": "rodbetor-skivade"
      },
      {
        "id": 4700,
        "name": "Inlagda grönsaker",
        "url": "inlagda-gronsaker"
      },
      {
        "id": 5347,
        "name": "Grönsakskonserver",
        "url": "gronsakskonserver"
      },
      {
        "id": 4701,
        "name": "Övriga konserver",
        "url": "ovriga-konserver"
      },
      {
        "id": 261,
        "name": "Baljväxter & Konserver",
        "url": "bonor-o-linser"
      },
      {
        "id": 5,
        "name": "Skafferi",
        "url": "skafferi"
      }
    ],
    "brand": {
      "id": 576,
      "name": "Felix",
      "url": "felix"
    },
    "supplier": {
      "id": 7653,
      "name": "Orkla Foods Sverige AB",
      "url": "orkla-foods-sverige-ab"
    },
    "badges": [
      {
        "id": 2230,
        "name": "Från Sverige",
        "imageUrl": "fran_sverige.png",
        "toolTip": "Från Sverige"
      }
    ],
    "preferences": {
      "dietary": [],
      "labels": [
        {
          "name": "Från Sverige"
        }
      ]
    },
    "availability": "AVAILABLE",
    "subscriptionProduct": false,
    "origin": null,
    "ageRestriction": false,
    "isWine": false,
    "rating": {
      "avgRating": 2,
      "votes": 12
    },
    "productPlacement": false,
    "_score": 328.3333,
    "subtitle": null,
    "externalUrl": null,
    "soldBy": null,
    "showSoldBy": false,
    "disclaimer": null,
    "pharmacyInformation": null,
    "siteRestrictions": {
      "openOrder": {
        "add": "Allowed",
        "edit": "Allowed",
        "remove": "Allowed"
      }
    },
    "shops": [
      {
        "id": "1",
        "name": "mathem"
      }
    ]
  },
  {
    "id": "23446",
    "name": "Soltorkade Tomater Strimlade",
    "fullName": "Soltorkade Tomater Strimlade 200g Zeta",
    "gtin": "7350002400555",
    "url": "/varor/soltorkade-tomater/soltorkade-tomater-strimlade-200g-zeta",
    "images": {
      "SMALL": "//static.mathem.se/shared/images/products/small/07350002400555_c1n1.jpeg.jpg",
      "MEDIUM": "//static.mathem.se/shared/images/products/medium/07350002400555_c1n1.jpeg.jpg",
      "LARGE": "//static.mathem.se/shared/images/products/large/07350002400555_c1n1.jpeg.jpg",
      "ORIGINAL": "//static.mathem.se/shared/images/products/original/07350002400555_c1n1.jpeg.jpg"
    },
    "defaultQuantity": 0,
    "price": 35.95,
    "recyleFee": 0,
    "quantity": 200,
    "unit": "g",
    "approximateQuantity": false,
    "comparisonPrice": 179.75,
    "comparisonUnit": "kg",
    "amountInPackage": 15,
    "deliverableWeekdays": [],
    "discount": null,
    "department": {
      "id": 5,
      "name": "Skafferi",
      "url": "skafferi",
      "atHome": false
    },
    "category": {
      "name": "Skafferi"
    },
    "categoryAncestry": [
      {
        "id": 1188,
        "name": "Soltorkade Tomater",
        "url": "soltorkade-tomater"
      },
      {
        "id": 3553,
        "name": "Tomatkonserver",
        "url": "krossade-tomater-mm"
      },
      {
        "id": 261,
        "name": "Baljväxter & Konserver",
        "url": "bonor-o-linser"
      },
      {
        "id": 5,
        "name": "Skafferi",
        "url": "skafferi"
      }
    ],
    "brand": {
      "id": 1760,
      "name": "Zeta",
      "url": "zeta"
    },
    "supplier": {
      "id": 6864,
      "name": "Di Luca & Di Luca AB",
      "url": "di-luca-o-di-luca-ab"
    },
    "badges": [],
    "preferences": {
      "dietary": [],
      "labels": []
    },
    "availability": "AVAILABLE",
    "subscriptionProduct": false,
    "origin": null,
    "ageRestriction": false,
    "isWine": false,
    "rating": {
      "avgRating": 3,
      "votes": 5
    },
    "productPlacement": false,
    "_score": 326.3333,
    "subtitle": null,
    "externalUrl": null,
    "soldBy": null,
    "showSoldBy": false,
    "disclaimer": null,
    "pharmacyInformation": null,
    "siteRestrictions": {
      "openOrder": {
        "add": "Allowed",
        "edit": "Allowed",
        "remove": "Allowed"
      }
    },
    "shops": [
      {
        "id": "1",
        "name": "mathem"
      }
    ]
  },
  {
    "id": "90755",
    "name": "Kalamata Oliver Urkärnade",
    "fullName": "Kalamata Oliver Urkärnade 370g Zeta",
    "gtin": "7350002404874",
    "url": "/varor/oliver-kalamata/kalamata-utan-karnor-370g-zeta",
    "images": {
      "SMALL": "//static.mathem.se/shared/images/products/small/07350002404874_c1n1.jpg",
      "MEDIUM": "//static.mathem.se/shared/images/products/medium/07350002404874_c1n1.jpg",
      "LARGE": "//static.mathem.se/shared/images/products/large/07350002404874_c1n1.jpg",
      "ORIGINAL": "//static.mathem.se/shared/images/products/original/07350002404874_c1n1.jpg"
    },
    "defaultQuantity": 0,
    "price": 34.95,
    "recyleFee": 0,
    "quantity": 370,
    "unit": "g",
    "approximateQuantity": false,
    "comparisonPrice": 94.46,
    "comparisonUnit": "kg",
    "amountInPackage": 20,
    "deliverableWeekdays": [],
    "discount": {
      "discountType": "PRODUCT_DISCOUNT",
      "campaignType": "WEEKLY",
      "id": 1687391,
      "quantityToBeBought": 1,
      "discountCountLimit": 0,
      "discountUsageLimitOnAllOrders": 0,
      "discountMessage": null,
      "discountText": null,
      "displayPrice": 30,
      "price": 30,
      "unitPrice": 30,
      "comparisonPrice": 81.08,
      "savings": 4.95,
      "percentageSavings": 14,
      "allowedMemberTypes": null
    },
    "department": {
      "id": 5,
      "name": "Skafferi",
      "url": "skafferi",
      "atHome": false
    },
    "category": {
      "name": "Skafferi"
    },
    "categoryAncestry": [
      {
        "id": 3956,
        "name": "Kalamataoliver",
        "url": "oliver-kalamata"
      },
      {
        "id": 5317,
        "name": "Oliver",
        "url": "oliver"
      },
      {
        "id": 261,
        "name": "Baljväxter & Konserver",
        "url": "bonor-o-linser"
      },
      {
        "id": 5,
        "name": "Skafferi",
        "url": "skafferi"
      }
    ],
    "brand": {
      "id": 1760,
      "name": "Zeta",
      "url": "zeta"
    },
    "supplier": {
      "id": 6864,
      "name": "Di Luca & Di Luca AB",
      "url": "di-luca-o-di-luca-ab"
    },
    "badges": [],
    "preferences": {
      "dietary": [],
      "labels": []
    },
    "availability": "AVAILABLE",
    "subscriptionProduct": false,
    "origin": null,
    "ageRestriction": false,
    "isWine": false,
    "rating": null,
    "productPlacement": false,
    "_score": 316.3333,
    "subtitle": null,
    "externalUrl": null,
    "soldBy": null,
    "showSoldBy": false,
    "disclaimer": null,
    "pharmacyInformation": null,
    "siteRestrictions": {
      "openOrder": {
        "add": "Allowed",
        "edit": "Allowed",
        "remove": "Allowed"
      }
    },
    "shops": [
      {
        "id": "1",
        "name": "mathem"
      }
    ]
  },
  {
    "id": "134056",
    "name": "Tomater Passerade",
    "fullName": "Tomater Passerade 390g Favorit",
    "gtin": "7331746173363",
    "url": "/varor/passerade-tomater/tomater-passerade-390g-favorit",
    "images": {
      "SMALL": "//static.mathem.se/shared/images/products/small/07331746173363_c1l1.jpg",
      "MEDIUM": "//static.mathem.se/shared/images/products/medium/07331746173363_c1l1.jpg",
      "LARGE": "//static.mathem.se/shared/images/products/large/07331746173363_c1l1.jpg",
      "ORIGINAL": "//static.mathem.se/shared/images/products/original/07331746173363_c1l1.jpg"
    },
    "defaultQuantity": 0,
    "price": 11.95,
    "recyleFee": 0,
    "quantity": 390,
    "unit": "g",
    "approximateQuantity": false,
    "comparisonPrice": 30.64,
    "comparisonUnit": "kg",
    "amountInPackage": 1,
    "deliverableWeekdays": [],
    "discount": {
      "discountType": "MULTI_DISCOUNT",
      "campaignType": "MULTI_PRICE",
      "id": 1560096,
      "quantityToBeBought": 3,
      "discountCountLimit": 0,
      "discountUsageLimitOnAllOrders": 0,
      "discountMessage": null,
      "discountText": null,
      "displayPrice": 27,
      "price": 27,
      "unitPrice": 9,
      "comparisonPrice": 23.08,
      "savings": 2.95,
      "percentageSavings": 24,
      "allowedMemberTypes": null
    },
    "department": {
      "id": 5,
      "name": "Skafferi",
      "url": "skafferi",
      "atHome": false
    },
    "category": {
      "name": "Skafferi"
    },
    "categoryAncestry": [
      {
        "id": 2846,
        "name": "Passerade Tomater",
        "url": "passerade-tomater"
      },
      {
        "id": 3553,
        "name": "Tomatkonserver",
        "url": "krossade-tomater-mm"
      },
      {
        "id": 261,
        "name": "Baljväxter & Konserver",
        "url": "bonor-o-linser"
      },
      {
        "id": 5,
        "name": "Skafferi",
        "url": "skafferi"
      }
    ],
    "brand": {
      "id": 2376,
      "name": "Favorit",
      "url": "favorit"
    },
    "supplier": {
      "id": 13435,
      "name": "Bergendahls EMV",
      "url": "bergendahls-emv"
    },
    "badges": [],
    "preferences": {
      "dietary": [],
      "labels": []
    },
    "availability": "AVAILABLE",
    "subscriptionProduct": false,
    "origin": null,
    "ageRestriction": false,
    "isWine": false,
    "rating": {
      "avgRating": 3,
      "votes": 9
    },
    "productPlacement": false,
    "_score": 314.3333,
    "subtitle": null,
    "externalUrl": null,
    "soldBy": null,
    "showSoldBy": false,
    "disclaimer": null,
    "pharmacyInformation": null,
    "siteRestrictions": {
      "openOrder": {
        "add": "Allowed",
        "edit": "Allowed",
        "remove": "Allowed"
      }
    },
    "shops": [
      {
        "id": "1",
        "name": "mathem"
      }
    ]
  },
  {
    "id": "133501",
    "name": "Majskorn",
    "fullName": "Majskorn 340g Favorit",
    "gtin": "7331746282508",
    "url": "/varor/majskorn/majskorn-340g-favorit",
    "images": {
      "SMALL": "//static.mathem.se/shared/images/products/small/07331746202438_c1c1.jpg",
      "MEDIUM": "//static.mathem.se/shared/images/products/medium/07331746202438_c1c1.jpg",
      "LARGE": "//static.mathem.se/shared/images/products/large/07331746202438_c1c1.jpg",
      "ORIGINAL": "//static.mathem.se/shared/images/products/original/07331746202438_c1c1.jpg"
    },
    "defaultQuantity": 0,
    "price": 15.95,
    "recyleFee": 0,
    "quantity": 340,
    "unit": "g",
    "approximateQuantity": false,
    "comparisonPrice": 46.91,
    "comparisonUnit": "kg",
    "amountInPackage": 1,
    "deliverableWeekdays": [],
    "discount": null,
    "department": {
      "id": 5,
      "name": "Skafferi",
      "url": "skafferi",
      "atHome": false
    },
    "category": {
      "name": "Skafferi"
    },
    "categoryAncestry": [
      {
        "id": 489,
        "name": "Majskorn",
        "url": "majskorn"
      },
      {
        "id": 261,
        "name": "Baljväxter & Konserver",
        "url": "bonor-o-linser"
      },
      {
        "id": 5,
        "name": "Skafferi",
        "url": "skafferi"
      }
    ],
    "brand": {
      "id": 2376,
      "name": "Favorit",
      "url": "favorit"
    },
    "supplier": {
      "id": 13435,
      "name": "Bergendahls EMV",
      "url": "bergendahls-emv"
    },
    "badges": [
      {
        "id": 2181,
        "name": "Äkta vara",
        "imageUrl": "aktavara.png",
        "toolTip": "Ä-märkt av konsumentföreningen Äkta vara"
      }
    ],
    "preferences": {
      "dietary": [],
      "labels": [
        {
          "name": "Äkta vara"
        }
      ]
    },
    "availability": "AVAILABLE",
    "subscriptionProduct": false,
    "origin": null,
    "ageRestriction": false,
    "isWine": false,
    "rating": {
      "avgRating": 3,
      "votes": 5
    },
    "productPlacement": false,
    "_score": 314.3333,
    "subtitle": null,
    "externalUrl": null,
    "soldBy": null,
    "showSoldBy": false,
    "disclaimer": null,
    "pharmacyInformation": null,
    "siteRestrictions": {
      "openOrder": {
        "add": "Allowed",
        "edit": "Allowed",
        "remove": "Allowed"
      }
    },
    "shops": [
      {
        "id": "1",
        "name": "mathem"
      }
    ]
  },
  {
    "id": "65026",
    "name": "Smörgåsgurka Skivad",
    "fullName": "Smörgåsgurka Skivad 370g Felix",
    "gtin": "7310240050189",
    "url": "/varor/smorgasgurka/smorgasgurka-skivad-370-g-felix",
    "images": {
      "SMALL": "//static.mathem.se/shared/images/products/small/smorgasgurka-skivad-370g-felix.jpg",
      "MEDIUM": "//static.mathem.se/shared/images/products/medium/smorgasgurka-skivad-370g-felix.jpg",
      "LARGE": "//static.mathem.se/shared/images/products/large/smorgasgurka-skivad-370g-felix.jpg",
      "ORIGINAL": "//static.mathem.se/shared/images/products/original/smorgasgurka-skivad-370g-felix.jpg"
    },
    "defaultQuantity": 0,
    "price": 19.95,
    "recyleFee": 0,
    "quantity": 370,
    "unit": "g",
    "approximateQuantity": false,
    "comparisonPrice": 53.92,
    "comparisonUnit": "kg",
    "amountInPackage": 370,
    "deliverableWeekdays": [],
    "discount": null,
    "department": {
      "id": 5,
      "name": "Skafferi",
      "url": "skafferi",
      "atHome": false
    },
    "category": {
      "name": "Skafferi"
    },
    "categoryAncestry": [
      {
        "id": 3022,
        "name": "Smörgåsgurka",
        "url": "smorgasgurka"
      },
      {
        "id": 1097,
        "name": "Inlagd gurka",
        "url": "inlagd-gurka"
      },
      {
        "id": 261,
        "name": "Baljväxter & Konserver",
        "url": "bonor-o-linser"
      },
      {
        "id": 5,
        "name": "Skafferi",
        "url": "skafferi"
      }
    ],
    "brand": {
      "id": 576,
      "name": "Felix",
      "url": "felix"
    },
    "supplier": {
      "id": 7653,
      "name": "Orkla Foods Sverige AB",
      "url": "orkla-foods-sverige-ab"
    },
    "badges": [],
    "preferences": {
      "dietary": [],
      "labels": []
    },
    "availability": "AVAILABLE",
    "subscriptionProduct": false,
    "origin": null,
    "ageRestriction": false,
    "isWine": false,
    "rating": {
      "avgRating": 3,
      "votes": 8
    },
    "productPlacement": false,
    "_score": 312.3333,
    "subtitle": null,
    "externalUrl": null,
    "soldBy": null,
    "showSoldBy": false,
    "disclaimer": null,
    "pharmacyInformation": null,
    "siteRestrictions": {
      "openOrder": {
        "add": "Allowed",
        "edit": "Allowed",
        "remove": "Allowed"
      }
    },
    "shops": [
      {
        "id": "1",
        "name": "mathem"
      }
    ]
  },
  {
    "id": "185499",
    "name": "Regnbågslaxfilé Fryst 4x100g Fisherman",
    "fullName": "Regnbågslaxfilé Fryst 4x100g Fisherman",
    "gtin": "7350011740147",
    "url": "/varor/laxfile-fryst/regnbagslaxfile-fryst-4x100g-fisherman",
    "images": {
      "SMALL": "//static.mathem.se/shared/images/products/small/07350011740147_1.jpg",
      "MEDIUM": "//static.mathem.se/shared/images/products/medium/07350011740147_1.jpg",
      "LARGE": "//static.mathem.se/shared/images/products/large/07350011740147_1.jpg",
      "ORIGINAL": "//static.mathem.se/shared/images/products/original/07350011740147_1.jpg"
    },
    "defaultQuantity": 0,
    "price": 65.95,
    "recyleFee": 0,
    "quantity": 400,
    "unit": "g",
    "approximateQuantity": false,
    "comparisonPrice": 164.88,
    "comparisonUnit": "kg",
    "amountInPackage": 1,
    "deliverableWeekdays": [],
    "discount": null,
    "department": {
      "id": 18,
      "name": "Fisk & Skaldjur",
      "url": "fisk-o-skaldjur",
      "atHome": false
    },
    "category": {
      "name": "Fisk & Skaldjur"
    },
    "categoryAncestry": [
      {
        "id": 2517,
        "name": "Laxfilé Fryst",
        "url": "laxfile-fryst"
      },
      {
        "id": 775,
        "name": "Laxfilé",
        "url": "laxfile"
      },
      {
        "id": 83,
        "name": "Lax",
        "url": "lax"
      },
      {
        "id": 502,
        "name": "Fisk",
        "url": "fisk"
      },
      {
        "id": 18,
        "name": "Fisk & Skaldjur",
        "url": "fisk-o-skaldjur"
      }
    ],
    "brand": {
      "id": 5241,
      "name": "Fisherman Seafood",
      "url": "fisherman-seafood"
    },
    "supplier": {
      "id": 6993,
      "name": "Food 4 You I Hässleholm AB",
      "url": "food-4-you-i-hassleholm-ab"
    },
    "badges": [],
    "preferences": {
      "dietary": [],
      "labels": [
        {
          "name": "Nyckelhålsmärkt"
        }
      ]
    },
    "availability": "AVAILABLE",
    "subscriptionProduct": false,
    "origin": {
      "id": 74,
      "name": "Norge",
      "icon": "Norge.gif"
    },
    "ageRestriction": false,
    "isWine": false,
    "rating": null,
    "productPlacement": true,
    "_score": 0,
    "subtitle": null,
    "externalUrl": null,
    "soldBy": "mathem",
    "showSoldBy": false,
    "disclaimer": null,
    "pharmacyInformation": null,
    "siteRestrictions": {
      "openOrder": {
        "add": "Allowed",
        "edit": "Allowed",
        "remove": "Allowed"
      }
    },
    "shops": [
      {
        "id": "1",
        "name": "mathem"
      }
    ]
  },
  {
    "id": "96697",
    "name": "Laxfilé Fryst",
    "fullName": "Laxfilé Fryst 500g Feldt's",
    "gtin": "7392497008205",
    "url": "/varor/laxfile-fryst/laxfile-fryst-500g-feldt-s",
    "images": {
      "SMALL": "//static.mathem.se/shared/images/products/small/laxfile-fryst-500g-feldt-s-7.jpg",
      "MEDIUM": "//static.mathem.se/shared/images/products/medium/laxfile-fryst-500g-feldt-s-7.jpg",
      "LARGE": "//static.mathem.se/shared/images/products/large/laxfile-fryst-500g-feldt-s-7.jpg",
      "ORIGINAL": "//static.mathem.se/shared/images/products/original/laxfile-fryst-500g-feldt-s-7.jpg"
    },
    "defaultQuantity": 0,
    "price": 86.95,
    "recyleFee": 0,
    "quantity": 500,
    "unit": "g",
    "approximateQuantity": false,
    "comparisonPrice": 173.9,
    "comparisonUnit": "kg",
    "amountInPackage": 4,
    "deliverableWeekdays": [],
    "discount": {
      "discountType": "PRODUCT_DISCOUNT",
      "campaignType": "WEEKLY",
      "id": 1687166,
      "quantityToBeBought": 1,
      "discountCountLimit": 2,
      "discountUsageLimitOnAllOrders": 0,
      "discountMessage": null,
      "discountText": null,
      "displayPrice": 69,
      "price": 69,
      "unitPrice": 69,
      "comparisonPrice": 138,
      "savings": 17.95,
      "percentageSavings": 20,
      "allowedMemberTypes": null
    },
    "department": {
      "id": 18,
      "name": "Fisk & Skaldjur",
      "url": "fisk-o-skaldjur",
      "atHome": false
    },
    "category": {
      "name": "Fisk & Skaldjur"
    },
    "categoryAncestry": [
      {
        "id": 2517,
        "name": "Laxfilé Fryst",
        "url": "laxfile-fryst"
      },
      {
        "id": 775,
        "name": "Laxfilé",
        "url": "laxfile"
      },
      {
        "id": 83,
        "name": "Lax",
        "url": "lax"
      },
      {
        "id": 502,
        "name": "Fisk",
        "url": "fisk"
      },
      {
        "id": 18,
        "name": "Fisk & Skaldjur",
        "url": "fisk-o-skaldjur"
      }
    ],
    "brand": {
      "id": 3157,
      "name": "Feldts",
      "url": "feldts"
    },
    "supplier": {
      "id": 6942,
      "name": "Feldt's",
      "url": "feldt-s"
    },
    "badges": [],
    "preferences": {
      "dietary": [],
      "labels": []
    },
    "availability": "AVAILABLE",
    "subscriptionProduct": false,
    "origin": {
      "id": 74,
      "name": "Norge",
      "icon": "Norge.gif"
    },
    "ageRestriction": false,
    "isWine": false,
    "rating": {
      "avgRating": 2,
      "votes": 450
    },
    "productPlacement": false,
    "_score": 448.0337,
    "subtitle": null,
    "externalUrl": null,
    "soldBy": null,
    "showSoldBy": false,
    "disclaimer": null,
    "pharmacyInformation": null,
    "siteRestrictions": {
      "openOrder": {
        "add": "Allowed",
        "edit": "Allowed",
        "remove": "Allowed"
      }
    },
    "shops": [
      {
        "id": "1",
        "name": "mathem"
      }
    ]
  },
  {
    "id": "11144",
    "name": "Laxfilé Naturell ASC Fryst",
    "fullName": "Laxfilé Naturell ASC Fryst 500g Findus",
    "gtin": "7310500179506",
    "url": "/varor/laxfile-fryst/laxfile-naturell-fryst-500g-findus",
    "images": {
      "SMALL": "//static.mathem.se/shared/images/products/small/laxfile-naturell-asc-fryst-500g-findus.jpg",
      "MEDIUM": "//static.mathem.se/shared/images/products/medium/laxfile-naturell-asc-fryst-500g-findus.jpg",
      "LARGE": "//static.mathem.se/shared/images/products/large/laxfile-naturell-asc-fryst-500g-findus.jpg",
      "ORIGINAL": "//static.mathem.se/shared/images/products/original/laxfile-naturell-asc-fryst-500g-findus.jpg"
    },
    "defaultQuantity": 0,
    "price": 123,
    "recyleFee": 0,
    "quantity": 500,
    "unit": "g",
    "approximateQuantity": false,
    "comparisonPrice": 246,
    "comparisonUnit": "kg",
    "amountInPackage": 4,
    "deliverableWeekdays": [],
    "discount": null,
    "department": {
      "id": 18,
      "name": "Fisk & Skaldjur",
      "url": "fisk-o-skaldjur",
      "atHome": false
    },
    "category": {
      "name": "Fisk & Skaldjur"
    },
    "categoryAncestry": [
      {
        "id": 2517,
        "name": "Laxfilé Fryst",
        "url": "laxfile-fryst"
      },
      {
        "id": 775,
        "name": "Laxfilé",
        "url": "laxfile"
      },
      {
        "id": 83,
        "name": "Lax",
        "url": "lax"
      },
      {
        "id": 502,
        "name": "Fisk",
        "url": "fisk"
      },
      {
        "id": 18,
        "name": "Fisk & Skaldjur",
        "url": "fisk-o-skaldjur"
      }
    ],
    "brand": {
      "id": 2383,
      "name": "Findus",
      "url": "findus"
    },
    "supplier": {
      "id": 6963,
      "name": "Findus.",
      "url": "findus-"
    },
    "badges": [
      {
        "id": 2227,
        "name": "ASC",
        "imageUrl": "asc.png",
        "toolTip": "ASC-märkt"
      }
    ],
    "preferences": {
      "dietary": [],
      "labels": [
        {
          "name": "ASC"
        }
      ]
    },
    "availability": "AVAILABLE",
    "subscriptionProduct": false,
    "origin": {
      "id": 828,
      "name": "Färöarna",
      "icon": null
    },
    "ageRestriction": false,
    "isWine": false,
    "rating": {
      "avgRating": 3,
      "votes": 165
    },
    "productPlacement": false,
    "_score": 380.0337,
    "subtitle": null,
    "externalUrl": null,
    "soldBy": null,
    "showSoldBy": false,
    "disclaimer": null,
    "pharmacyInformation": null,
    "siteRestrictions": {
      "openOrder": {
        "add": "Allowed",
        "edit": "Allowed",
        "remove": "Allowed"
      }
    },
    "shops": [
      {
        "id": "1",
        "name": "mathem"
      }
    ]
  },
  {
    "id": "102228",
    "name": "Torskfilé Fryst",
    "fullName": "Torskfilé Fryst 375g MSC-Märkt Findus",
    "gtin": "7310500123219",
    "url": "/varor/torsk/torskfile-fryst-375g-msc-markt-findus",
    "images": {
      "SMALL": "//static.mathem.se/shared/images/products/small/07310500123219_c1c1.jpg",
      "MEDIUM": "//static.mathem.se/shared/images/products/medium/07310500123219_c1c1.jpg",
      "LARGE": "//static.mathem.se/shared/images/products/large/07310500123219_c1c1.jpg",
      "ORIGINAL": "//static.mathem.se/shared/images/products/original/07310500123219_c1c1.jpg"
    },
    "defaultQuantity": 0,
    "price": 60.95,
    "recyleFee": 0,
    "quantity": 375,
    "unit": "g",
    "approximateQuantity": false,
    "comparisonPrice": 162.53,
    "comparisonUnit": "kg",
    "amountInPackage": 1,
    "deliverableWeekdays": [],
    "discount": {
      "discountType": "PRODUCT_DISCOUNT",
      "campaignType": "",
      "id": 1700369,
      "quantityToBeBought": 1,
      "discountCountLimit": 0,
      "discountUsageLimitOnAllOrders": 0,
      "discountMessage": null,
      "discountText": null,
      "displayPrice": 45,
      "price": 45,
      "unitPrice": 45,
      "comparisonPrice": 120,
      "savings": 15.95,
      "percentageSavings": 26,
      "allowedMemberTypes": null
    },
    "department": {
      "id": 18,
      "name": "Fisk & Skaldjur",
      "url": "fisk-o-skaldjur",
      "atHome": false
    },
    "category": {
      "name": "Fisk & Skaldjur"
    },
    "categoryAncestry": [
      {
        "id": 149,
        "name": "Torsk",
        "url": "torsk"
      },
      {
        "id": 502,
        "name": "Fisk",
        "url": "fisk"
      },
      {
        "id": 18,
        "name": "Fisk & Skaldjur",
        "url": "fisk-o-skaldjur"
      }
    ],
    "brand": {
      "id": 2383,
      "name": "Findus",
      "url": "findus"
    },
    "supplier": {
      "id": 6963,
      "name": "Findus.",
      "url": "findus-"
    },
    "badges": [
      {
        "id": 2219,
        "name": "MSC",
        "imageUrl": "msc.png",
        "toolTip": "MSC-märkt"
      }
    ],
    "preferences": {
      "dietary": [],
      "labels": [
        {
          "name": "MSC"
        }
      ]
    },
    "availability": "AVAILABLE",
    "subscriptionProduct": false,
    "origin": {
      "id": 124,
      "name": "Nordostatlanten",
      "icon": null
    },
    "ageRestriction": false,
    "isWine": false,
    "rating": {
      "avgRating": 3,
      "votes": 52
    },
    "productPlacement": false,
    "_score": 348.0337,
    "subtitle": null,
    "externalUrl": null,
    "soldBy": null,
    "showSoldBy": false,
    "disclaimer": null,
    "pharmacyInformation": null,
    "siteRestrictions": {
      "openOrder": {
        "add": "Allowed",
        "edit": "Allowed",
        "remove": "Allowed"
      }
    },
    "shops": [
      {
        "id": "1",
        "name": "mathem"
      }
    ]
  },
  {
    "id": "88983",
    "name": "Torskryggfilé Fryst MSC-märkt",
    "fullName": "Torskryggfilé Fryst MSC-märkt 450g Findus",
    "gtin": "7310500107882",
    "url": "/varor/torskrygg-fryst/torskryggfile-fryst-450g-findus",
    "images": {
      "SMALL": "//static.mathem.se/shared/images/products/small/07310500107882_c1c1.jpg",
      "MEDIUM": "//static.mathem.se/shared/images/products/medium/07310500107882_c1c1.jpg",
      "LARGE": "//static.mathem.se/shared/images/products/large/07310500107882_c1c1.jpg",
      "ORIGINAL": "//static.mathem.se/shared/images/products/original/07310500107882_c1c1.jpg"
    },
    "defaultQuantity": 0,
    "price": 103,
    "recyleFee": 0,
    "quantity": 450,
    "unit": "g",
    "approximateQuantity": false,
    "comparisonPrice": 228.89,
    "comparisonUnit": "kg",
    "amountInPackage": 3,
    "deliverableWeekdays": [],
    "discount": null,
    "department": {
      "id": 18,
      "name": "Fisk & Skaldjur",
      "url": "fisk-o-skaldjur",
      "atHome": false
    },
    "category": {
      "name": "Fisk & Skaldjur"
    },
    "categoryAncestry": [
      {
        "id": 2555,
        "name": "Torskrygg Fryst",
        "url": "torskrygg-fryst"
      },
      {
        "id": 1643,
        "name": "Torskrygg",
        "url": "torskrygg"
      },
      {
        "id": 149,
        "name": "Torsk",
        "url": "torsk"
      },
      {
        "id": 502,
        "name": "Fisk",
        "url": "fisk"
      },
      {
        "id": 18,
        "name": "Fisk & Skaldjur",
        "url": "fisk-o-skaldjur"
      }
    ],
    "brand": {
      "id": 2383,
      "name": "Findus",
      "url": "findus"
    },
    "supplier": {
      "id": 6963,
      "name": "Findus.",
      "url": "findus-"
    },
    "badges": [
      {
        "id": 2219,
        "name": "MSC",
        "imageUrl": "msc.png",
        "toolTip": "MSC-märkt"
      }
    ],
    "preferences": {
      "dietary": [],
      "labels": [
        {
          "name": "MSC"
        }
      ]
    },
    "availability": "AVAILABLE",
    "subscriptionProduct": false,
    "origin": {
      "id": 124,
      "name": "Nordostatlanten",
      "icon": null
    },
    "ageRestriction": false,
    "isWine": false,
    "rating": {
      "avgRating": 3,
      "votes": 72
    },
    "productPlacement": false,
    "_score": 344.0337,
    "subtitle": null,
    "externalUrl": null,
    "soldBy": null,
    "showSoldBy": false,
    "disclaimer": null,
    "pharmacyInformation": null,
    "siteRestrictions": {
      "openOrder": {
        "add": "Allowed",
        "edit": "Allowed",
        "remove": "Allowed"
      }
    },
    "shops": [
      {
        "id": "1",
        "name": "mathem"
      }
    ]
  },
  {
    "id": "148654",
    "name": "Torskrygg MSC Fryst",
    "fullName": "Torskrygg MSC Fryst 600g Feldt's",
    "gtin": "7392497008298",
    "url": "/varor/torskrygg-fryst/torskrygg-600g-feldt-s",
    "images": {
      "SMALL": "//static.mathem.se/shared/images/products/small/torskrygg-600g-feldt-s.jpg",
      "MEDIUM": "//static.mathem.se/shared/images/products/medium/torskrygg-600g-feldt-s.jpg",
      "LARGE": "//static.mathem.se/shared/images/products/large/torskrygg-600g-feldt-s.jpg",
      "ORIGINAL": "//static.mathem.se/shared/images/products/original/torskrygg-600g-feldt-s.jpg"
    },
    "defaultQuantity": 0,
    "price": 105,
    "recyleFee": 0,
    "quantity": 600,
    "unit": "g",
    "approximateQuantity": false,
    "comparisonPrice": 175,
    "comparisonUnit": "kg",
    "amountInPackage": 1,
    "deliverableWeekdays": [],
    "discount": null,
    "department": {
      "id": 18,
      "name": "Fisk & Skaldjur",
      "url": "fisk-o-skaldjur",
      "atHome": false
    },
    "category": {
      "name": "Fisk & Skaldjur"
    },
    "categoryAncestry": [
      {
        "id": 2555,
        "name": "Torskrygg Fryst",
        "url": "torskrygg-fryst"
      },
      {
        "id": 1643,
        "name": "Torskrygg",
        "url": "torskrygg"
      },
      {
        "id": 149,
        "name": "Torsk",
        "url": "torsk"
      },
      {
        "id": 502,
        "name": "Fisk",
        "url": "fisk"
      },
      {
        "id": 18,
        "name": "Fisk & Skaldjur",
        "url": "fisk-o-skaldjur"
      }
    ],
    "brand": {
      "id": 3157,
      "name": "Feldts",
      "url": "feldts"
    },
    "supplier": {
      "id": 6942,
      "name": "Feldt's",
      "url": "feldt-s"
    },
    "badges": [
      {
        "id": 2219,
        "name": "MSC",
        "imageUrl": "msc.png",
        "toolTip": "MSC-märkt"
      }
    ],
    "preferences": {
      "dietary": [],
      "labels": [
        {
          "name": "MSC"
        }
      ]
    },
    "availability": "AVAILABLE",
    "subscriptionProduct": false,
    "origin": {
      "id": 124,
      "name": "Nordostatlanten",
      "icon": null
    },
    "ageRestriction": false,
    "isWine": false,
    "rating": {
      "avgRating": 3,
      "votes": 73
    },
    "productPlacement": false,
    "_score": 336.0337,
    "subtitle": null,
    "externalUrl": null,
    "soldBy": null,
    "showSoldBy": false,
    "disclaimer": null,
    "pharmacyInformation": null,
    "siteRestrictions": {
      "openOrder": {
        "add": "Allowed",
        "edit": "Allowed",
        "remove": "Allowed"
      }
    },
    "shops": [
      {
        "id": "1",
        "name": "mathem"
      }
    ]
  },
  {
    "id": "170913",
    "name": "Torskfile Block MSC Fryst",
    "fullName": "Torskfile Block MSC Fryst 400g Feldts",
    "gtin": "7392497008182",
    "url": "/varor/torskfile-fryst/torskfile-block-msc-fryst-400g-feldts",
    "images": {
      "SMALL": "//static.mathem.se/shared/images/products/small/fryst-400g-feldts.jpg",
      "MEDIUM": "//static.mathem.se/shared/images/products/medium/fryst-400g-feldts.jpg",
      "LARGE": "//static.mathem.se/shared/images/products/large/fryst-400g-feldts.jpg",
      "ORIGINAL": "//static.mathem.se/shared/images/products/original/fryst-400g-feldts.jpg"
    },
    "defaultQuantity": 0,
    "price": 45.95,
    "recyleFee": 0,
    "quantity": 400,
    "unit": "g",
    "approximateQuantity": false,
    "comparisonPrice": 114.88,
    "comparisonUnit": "kg",
    "amountInPackage": 1,
    "deliverableWeekdays": [],
    "discount": {
      "discountType": "MULTI_DISCOUNT",
      "campaignType": "MULTI_PRICE",
      "id": 1560432,
      "quantityToBeBought": 2,
      "discountCountLimit": 0,
      "discountUsageLimitOnAllOrders": 0,
      "discountMessage": null,
      "discountText": null,
      "displayPrice": 80,
      "price": 80,
      "unitPrice": 40,
      "comparisonPrice": 100,
      "savings": 5.95,
      "percentageSavings": 12,
      "allowedMemberTypes": null
    },
    "department": {
      "id": 18,
      "name": "Fisk & Skaldjur",
      "url": "fisk-o-skaldjur",
      "atHome": false
    },
    "category": {
      "name": "Fisk & Skaldjur"
    },
    "categoryAncestry": [
      {
        "id": 2564,
        "name": "Torskfilé Fryst",
        "url": "torskfile-fryst"
      },
      {
        "id": 776,
        "name": "Torskfilé",
        "url": "torskfile"
      },
      {
        "id": 149,
        "name": "Torsk",
        "url": "torsk"
      },
      {
        "id": 502,
        "name": "Fisk",
        "url": "fisk"
      },
      {
        "id": 18,
        "name": "Fisk & Skaldjur",
        "url": "fisk-o-skaldjur"
      }
    ],
    "brand": {
      "id": 3157,
      "name": "Feldts",
      "url": "feldts"
    },
    "supplier": {
      "id": 6942,
      "name": "Feldt's",
      "url": "feldt-s"
    },
    "badges": [
      {
        "id": 2219,
        "name": "MSC",
        "imageUrl": "msc.png",
        "toolTip": "MSC-märkt"
      }
    ],
    "preferences": {
      "dietary": [],
      "labels": [
        {
          "name": "MSC"
        }
      ]
    },
    "availability": "AVAILABLE",
    "subscriptionProduct": false,
    "origin": null,
    "ageRestriction": false,
    "isWine": false,
    "rating": {
      "avgRating": 3,
      "votes": 28
    },
    "productPlacement": false,
    "_score": 316.0337,
    "subtitle": null,
    "externalUrl": null,
    "soldBy": null,
    "showSoldBy": false,
    "disclaimer": null,
    "pharmacyInformation": null,
    "siteRestrictions": {
      "openOrder": {
        "add": "Allowed",
        "edit": "Allowed",
        "remove": "Allowed"
      }
    },
    "shops": [
      {
        "id": "1",
        "name": "mathem"
      }
    ]
  },
  {
    "id": "16763",
    "name": "Tonfisk Filébitar i Vatten MSC",
    "fullName": "Tonfisk Filébitar i Vatten MSC 200g Abba",
    "gtin": "7311171007013",
    "url": "/varor/tonfisk-i-vatten/tonfisk-i-vatten-bit-200g-msc-markt-abba",
    "images": {
      "SMALL": "//static.mathem.se/shared/images/products/small/07311171007013_c1c1.jpg",
      "MEDIUM": "//static.mathem.se/shared/images/products/medium/07311171007013_c1c1.jpg",
      "LARGE": "//static.mathem.se/shared/images/products/large/07311171007013_c1c1.jpg",
      "ORIGINAL": "//static.mathem.se/shared/images/products/original/07311171007013_c1c1.jpg"
    },
    "defaultQuantity": 0,
    "price": 28.95,
    "recyleFee": 0,
    "quantity": 200,
    "unit": "g",
    "approximateQuantity": false,
    "comparisonPrice": 144.75,
    "comparisonUnit": "kg",
    "amountInPackage": 0,
    "deliverableWeekdays": [],
    "discount": null,
    "department": {
      "id": 18,
      "name": "Fisk & Skaldjur",
      "url": "fisk-o-skaldjur",
      "atHome": false
    },
    "category": {
      "name": "Fisk & Skaldjur"
    },
    "categoryAncestry": [
      {
        "id": 2392,
        "name": "Tonfisk i Vatten",
        "url": "tonfisk-i-vatten"
      },
      {
        "id": 3224,
        "name": "Tonfisk Konserverad",
        "url": "tonfisk-konserverad"
      },
      {
        "id": 5533,
        "name": "Tonfisk",
        "url": "tonfisk"
      },
      {
        "id": 502,
        "name": "Fisk",
        "url": "fisk"
      },
      {
        "id": 18,
        "name": "Fisk & Skaldjur",
        "url": "fisk-o-skaldjur"
      }
    ],
    "brand": {
      "id": 2665,
      "name": "Abba",
      "url": "abba"
    },
    "supplier": {
      "id": 7653,
      "name": "Orkla Foods Sverige AB",
      "url": "orkla-foods-sverige-ab"
    },
    "badges": [
      {
        "id": 2219,
        "name": "MSC",
        "imageUrl": "msc.png",
        "toolTip": "MSC-märkt"
      }
    ],
    "preferences": {
      "dietary": [],
      "labels": [
        {
          "name": "MSC"
        },
        {
          "name": "Nyckelhålsmärkt"
        }
      ]
    },
    "availability": "AVAILABLE",
    "subscriptionProduct": false,
    "origin": null,
    "ageRestriction": false,
    "isWine": false,
    "rating": {
      "avgRating": 3,
      "votes": 20
    },
    "productPlacement": false,
    "_score": 314.0337,
    "subtitle": null,
    "externalUrl": null,
    "soldBy": "mathem",
    "showSoldBy": false,
    "disclaimer": null,
    "pharmacyInformation": null,
    "siteRestrictions": {
      "openOrder": {
        "add": "Allowed",
        "edit": "Allowed",
        "remove": "Allowed"
      }
    },
    "shops": [
      {
        "id": "1",
        "name": "mathem"
      }
    ]
  },
  {
    "id": "96438",
    "name": "Panerad Rödspättafilé MSC Fryst",
    "fullName": "Panerad Rödspättafilé MSC Fryst 500g Feldt's",
    "gtin": "7392497008564",
    "url": "/varor/rodspattafile-fryst/panerad-rodspattafile-fryst-500g-msc-markt-feldt-s",
    "images": {
      "SMALL": "//static.mathem.se/shared/images/products/small/rodspattafile-panerad-500g-feldts-1.jpg",
      "MEDIUM": "//static.mathem.se/shared/images/products/medium/rodspattafile-panerad-500g-feldts-1.jpg",
      "LARGE": "//static.mathem.se/shared/images/products/large/rodspattafile-panerad-500g-feldts-1.jpg",
      "ORIGINAL": "//static.mathem.se/shared/images/products/original/rodspattafile-panerad-500g-feldts-1.jpg"
    },
    "defaultQuantity": 0,
    "price": 69.95,
    "recyleFee": 0,
    "quantity": 500,
    "unit": "g",
    "approximateQuantity": false,
    "comparisonPrice": 139.9,
    "comparisonUnit": "kg",
    "amountInPackage": 1,
    "deliverableWeekdays": [],
    "discount": null,
    "department": {
      "id": 18,
      "name": "Fisk & Skaldjur",
      "url": "fisk-o-skaldjur",
      "atHome": false
    },
    "category": {
      "name": "Fisk & Skaldjur"
    },
    "categoryAncestry": [
      {
        "id": 2577,
        "name": "Rödspättafile Fryst",
        "url": "rodspattafile-fryst"
      },
      {
        "id": 1708,
        "name": "Rödspättafile",
        "url": "rodspattafile"
      },
      {
        "id": 509,
        "name": "Rödspätta",
        "url": "rodspatta"
      },
      {
        "id": 502,
        "name": "Fisk",
        "url": "fisk"
      },
      {
        "id": 18,
        "name": "Fisk & Skaldjur",
        "url": "fisk-o-skaldjur"
      }
    ],
    "brand": {
      "id": 3157,
      "name": "Feldts",
      "url": "feldts"
    },
    "supplier": {
      "id": 6942,
      "name": "Feldt's",
      "url": "feldt-s"
    },
    "badges": [
      {
        "id": 2219,
        "name": "MSC",
        "imageUrl": "msc.png",
        "toolTip": "MSC-märkt"
      }
    ],
    "preferences": {
      "dietary": [],
      "labels": [
        {
          "name": "MSC"
        }
      ]
    },
    "availability": "AVAILABLE",
    "subscriptionProduct": false,
    "origin": {
      "id": 88,
      "name": "Holland",
      "icon": null
    },
    "ageRestriction": false,
    "isWine": false,
    "rating": {
      "avgRating": 2,
      "votes": 60
    },
    "productPlacement": false,
    "_score": 302.0337,
    "subtitle": null,
    "externalUrl": null,
    "soldBy": null,
    "showSoldBy": false,
    "disclaimer": null,
    "pharmacyInformation": null,
    "siteRestrictions": {
      "openOrder": {
        "add": "Allowed",
        "edit": "Allowed",
        "remove": "Allowed"
      }
    },
    "shops": [
      {
        "id": "1",
        "name": "mathem"
      }
    ]
  },
  {
    "id": "148657",
    "name": "Torskfilé MSC Fryst",
    "fullName": "Torskfilé MSC Fryst 600g Feldt's",
    "gtin": "7392497018242",
    "url": "/varor/torskfile-fryst/torskfile-600g-feldt-s",
    "images": {
      "SMALL": "//static.mathem.se/shared/images/products/small/torskfile-msc-fryst-600g-feldt-s.jpg",
      "MEDIUM": "//static.mathem.se/shared/images/products/medium/torskfile-msc-fryst-600g-feldt-s.jpg",
      "LARGE": "//static.mathem.se/shared/images/products/large/torskfile-msc-fryst-600g-feldt-s.jpg",
      "ORIGINAL": "//static.mathem.se/shared/images/products/original/torskfile-msc-fryst-600g-feldt-s.jpg"
    },
    "defaultQuantity": 0,
    "price": 87.95,
    "recyleFee": 0,
    "quantity": 600,
    "unit": "g",
    "approximateQuantity": false,
    "comparisonPrice": 146.58,
    "comparisonUnit": "kg",
    "amountInPackage": 0,
    "deliverableWeekdays": [],
    "discount": null,
    "department": {
      "id": 18,
      "name": "Fisk & Skaldjur",
      "url": "fisk-o-skaldjur",
      "atHome": false
    },
    "category": {
      "name": "Fisk & Skaldjur"
    },
    "categoryAncestry": [
      {
        "id": 2564,
        "name": "Torskfilé Fryst",
        "url": "torskfile-fryst"
      },
      {
        "id": 776,
        "name": "Torskfilé",
        "url": "torskfile"
      },
      {
        "id": 149,
        "name": "Torsk",
        "url": "torsk"
      },
      {
        "id": 502,
        "name": "Fisk",
        "url": "fisk"
      },
      {
        "id": 18,
        "name": "Fisk & Skaldjur",
        "url": "fisk-o-skaldjur"
      }
    ],
    "brand": {
      "id": 3157,
      "name": "Feldts",
      "url": "feldts"
    },
    "supplier": {
      "id": 6942,
      "name": "Feldt's",
      "url": "feldt-s"
    },
    "badges": [
      {
        "id": 2219,
        "name": "MSC",
        "imageUrl": "msc.png",
        "toolTip": "MSC-märkt"
      }
    ],
    "preferences": {
      "dietary": [],
      "labels": [
        {
          "name": "MSC"
        }
      ]
    },
    "availability": "AVAILABLE",
    "subscriptionProduct": false,
    "origin": {
      "id": 124,
      "name": "Nordostatlanten",
      "icon": null
    },
    "ageRestriction": false,
    "isWine": false,
    "rating": {
      "avgRating": 3,
      "votes": 46
    },
    "productPlacement": false,
    "_score": 298.0337,
    "subtitle": null,
    "externalUrl": null,
    "soldBy": null,
    "showSoldBy": false,
    "disclaimer": null,
    "pharmacyInformation": null,
    "siteRestrictions": {
      "openOrder": {
        "add": "Allowed",
        "edit": "Allowed",
        "remove": "Allowed"
      }
    },
    "shops": [
      {
        "id": "1",
        "name": "mathem"
      }
    ]
  },
  {
    "id": "175504",
    "name": "Toalettpapper Classic 18-p",
    "fullName": "Toalettpapper Classic 18-p Lotus",
    "gtin": "7322541303406",
    "url": "/varor/toalettpapper/toalettpapper-classic-18-p-lotus",
    "images": {
      "SMALL": "//static.mathem.se/shared/images/products/small/07322541303406_c1n1.jpg",
      "MEDIUM": "//static.mathem.se/shared/images/products/medium/07322541303406_c1n1.jpg",
      "LARGE": "//static.mathem.se/shared/images/products/large/07322541303406_c1n1.jpg",
      "ORIGINAL": "//static.mathem.se/shared/images/products/original/07322541303406_c1n1.jpg"
    },
    "defaultQuantity": 0,
    "price": 80.95,
    "recyleFee": 0,
    "quantity": 1710,
    "unit": "g",
    "approximateQuantity": false,
    "comparisonPrice": 47.34,
    "comparisonUnit": "kg",
    "amountInPackage": 1,
    "deliverableWeekdays": [],
    "discount": null,
    "department": {
      "id": 22,
      "name": "Hem & Hushåll",
      "url": "hem-o-hygien",
      "atHome": false
    },
    "category": {
      "name": "Hem & Hushåll"
    },
    "categoryAncestry": [
      {
        "id": 55,
        "name": "Toalettpapper",
        "url": "toalettpapper"
      },
      {
        "id": 4685,
        "name": "Hushålls- & Toapapper",
        "url": "hushalls--o-toapapper"
      },
      {
        "id": 22,
        "name": "Hem & Hushåll",
        "url": "hem-o-hygien"
      }
    ],
    "brand": {
      "id": 4973,
      "name": "LOTUS",
      "url": "lotus"
    },
    "supplier": {
      "id": 13792,
      "name": "Essity",
      "url": "essity"
    },
    "badges": [
      {
        "id": 2176,
        "name": "Svanenmärkt",
        "imageUrl": "svanen_ram_thick_border.png",
        "toolTip": "Svanenmärkt"
      }
    ],
    "preferences": {
      "dietary": [],
      "labels": [
        {
          "name": "Svanenmärkt"
        }
      ]
    },
    "availability": "AVAILABLE",
    "subscriptionProduct": false,
    "origin": null,
    "ageRestriction": false,
    "isWine": false,
    "rating": {
      "avgRating": 3,
      "votes": 209
    },
    "productPlacement": false,
    "_score": 435.7105,
    "subtitle": null,
    "externalUrl": null,
    "soldBy": "mathem",
    "showSoldBy": false,
    "disclaimer": null,
    "pharmacyInformation": null,
    "siteRestrictions": {
      "openOrder": {
        "add": "Allowed",
        "edit": "Allowed",
        "remove": "Allowed"
      }
    },
    "shops": [
      {
        "id": "1",
        "name": "mathem"
      }
    ]
  },
  {
    "id": "87113",
    "name": "Hushållspapper 2-Skikt 3-p",
    "fullName": "Hushållspapper 2-Skikt 3-p 570g Serla",
    "gtin": "6414301028412",
    "url": "/varor/hushallspapper/hushallspapper-2skikt-3-p-550g-serla",
    "images": {
      "SMALL": "//static.mathem.se/shared/images/products/small/hushallspapper-2-skikt-3-p-570g-serla-1.jpg",
      "MEDIUM": "//static.mathem.se/shared/images/products/medium/hushallspapper-2-skikt-3-p-570g-serla-1.jpg",
      "LARGE": "//static.mathem.se/shared/images/products/large/hushallspapper-2-skikt-3-p-570g-serla-1.jpg",
      "ORIGINAL": "//static.mathem.se/shared/images/products/original/hushallspapper-2-skikt-3-p-570g-serla-1.jpg"
    },
    "defaultQuantity": 0,
    "price": 30.95,
    "recyleFee": 0,
    "quantity": 570,
    "unit": "g",
    "approximateQuantity": false,
    "comparisonPrice": 54.3,
    "comparisonUnit": "kg",
    "amountInPackage": 3,
    "deliverableWeekdays": [],
    "discount": null,
    "department": {
      "id": 22,
      "name": "Hem & Hushåll",
      "url": "hem-o-hygien",
      "atHome": false
    },
    "category": {
      "name": "Hem & Hushåll"
    },
    "categoryAncestry": [
      {
        "id": 512,
        "name": "Hushållspapper",
        "url": "hushallspapper"
      },
      {
        "id": 4685,
        "name": "Hushålls- & Toapapper",
        "url": "hushalls--o-toapapper"
      },
      {
        "id": 22,
        "name": "Hem & Hushåll",
        "url": "hem-o-hygien"
      }
    ],
    "brand": {
      "id": 2576,
      "name": "Serla",
      "url": "serla"
    },
    "supplier": {
      "id": 7521,
      "name": "Metsä Tissue AB",
      "url": "metsa-tissue-ab"
    },
    "badges": [
      {
        "id": 2176,
        "name": "Svanenmärkt",
        "imageUrl": "svanen_ram_thick_border.png",
        "toolTip": "Svanenmärkt"
      }
    ],
    "preferences": {
      "dietary": [],
      "labels": [
        {
          "name": "Svanenmärkt"
        }
      ]
    },
    "availability": "AVAILABLE",
    "subscriptionProduct": false,
    "origin": null,
    "ageRestriction": false,
    "isWine": false,
    "rating": {
      "avgRating": 3,
      "votes": 66
    },
    "productPlacement": false,
    "_score": 405.7105,
    "subtitle": null,
    "externalUrl": null,
    "soldBy": null,
    "showSoldBy": false,
    "disclaimer": null,
    "pharmacyInformation": null,
    "siteRestrictions": {
      "openOrder": {
        "add": "Allowed",
        "edit": "Allowed",
        "remove": "Allowed"
      }
    },
    "shops": [
      {
        "id": "1",
        "name": "mathem"
      }
    ]
  },
  {
    "id": "97388",
    "name": "Toalettpapper Sensitive 6-p",
    "fullName": "Toalettpapper Sensitive 6-p 732g Lambi",
    "gtin": "6414300094821",
    "url": "/varor/toalettpapper/delux-toalettpapper-6-p-732g-lambi",
    "images": {
      "SMALL": "//static.mathem.se/shared/images/products/small/toalettpapper-sensitive-6-p-732g-lambi-1.jpg",
      "MEDIUM": "//static.mathem.se/shared/images/products/medium/toalettpapper-sensitive-6-p-732g-lambi-1.jpg",
      "LARGE": "//static.mathem.se/shared/images/products/large/toalettpapper-sensitive-6-p-732g-lambi-1.jpg",
      "ORIGINAL": "//static.mathem.se/shared/images/products/original/toalettpapper-sensitive-6-p-732g-lambi-1.jpg"
    },
    "defaultQuantity": 0,
    "price": 44.95,
    "recyleFee": 0,
    "quantity": 732,
    "unit": "g",
    "approximateQuantity": false,
    "comparisonPrice": 61.41,
    "comparisonUnit": "kg",
    "amountInPackage": 1,
    "deliverableWeekdays": [],
    "discount": null,
    "department": {
      "id": 22,
      "name": "Hem & Hushåll",
      "url": "hem-o-hygien",
      "atHome": false
    },
    "category": {
      "name": "Hem & Hushåll"
    },
    "categoryAncestry": [
      {
        "id": 55,
        "name": "Toalettpapper",
        "url": "toalettpapper"
      },
      {
        "id": 4685,
        "name": "Hushålls- & Toapapper",
        "url": "hushalls--o-toapapper"
      },
      {
        "id": 22,
        "name": "Hem & Hushåll",
        "url": "hem-o-hygien"
      }
    ],
    "brand": {
      "id": 2450,
      "name": "Lambi",
      "url": "lambi"
    },
    "supplier": {
      "id": 7521,
      "name": "Metsä Tissue AB",
      "url": "metsa-tissue-ab"
    },
    "badges": [
      {
        "id": 2176,
        "name": "Svanenmärkt",
        "imageUrl": "svanen_ram_thick_border.png",
        "toolTip": "Svanenmärkt"
      }
    ],
    "preferences": {
      "dietary": [],
      "labels": [
        {
          "name": "Svanenmärkt"
        }
      ]
    },
    "availability": "AVAILABLE",
    "subscriptionProduct": false,
    "origin": null,
    "ageRestriction": false,
    "isWine": false,
    "rating": {
      "avgRating": 3,
      "votes": 61
    },
    "productPlacement": false,
    "_score": 375.7105,
    "subtitle": null,
    "externalUrl": null,
    "soldBy": null,
    "showSoldBy": false,
    "disclaimer": null,
    "pharmacyInformation": null,
    "siteRestrictions": {
      "openOrder": {
        "add": "Allowed",
        "edit": "Allowed",
        "remove": "Allowed"
      }
    },
    "shops": [
      {
        "id": "1",
        "name": "mathem"
      }
    ]
  },
  {
    "id": "78653",
    "name": "Hushållspapper 4-p",
    "fullName": "Hushållspapper 4-p 623g Favorit",
    "gtin": "7331746295539",
    "url": "/varor/hushallspapper-o-behallare/hushall-favorit-4p-favorit",
    "images": {
      "SMALL": "//static.mathem.se/shared/images/products/small/07331746295539_c1l1.jpg",
      "MEDIUM": "//static.mathem.se/shared/images/products/medium/07331746295539_c1l1.jpg",
      "LARGE": "//static.mathem.se/shared/images/products/large/07331746295539_c1l1.jpg",
      "ORIGINAL": "//static.mathem.se/shared/images/products/original/07331746295539_c1l1.jpg"
    },
    "defaultQuantity": 0,
    "price": 32.95,
    "recyleFee": 0,
    "quantity": 623,
    "unit": "g",
    "approximateQuantity": false,
    "comparisonPrice": 52.89,
    "comparisonUnit": "kg",
    "amountInPackage": 4,
    "deliverableWeekdays": [],
    "discount": null,
    "department": {
      "id": 22,
      "name": "Hem & Hushåll",
      "url": "hem-o-hygien",
      "atHome": false
    },
    "category": {
      "name": "Hem & Hushåll"
    },
    "categoryAncestry": [
      {
        "id": 512,
        "name": "Hushållspapper",
        "url": "hushallspapper"
      },
      {
        "id": 4685,
        "name": "Hushålls- & Toapapper",
        "url": "hushalls--o-toapapper"
      },
      {
        "id": 22,
        "name": "Hem & Hushåll",
        "url": "hem-o-hygien"
      }
    ],
    "brand": {
      "id": 2376,
      "name": "Favorit",
      "url": "favorit"
    },
    "supplier": {
      "id": 13435,
      "name": "Bergendahls EMV",
      "url": "bergendahls-emv"
    },
    "badges": [],
    "preferences": {
      "dietary": [],
      "labels": []
    },
    "availability": "AVAILABLE",
    "subscriptionProduct": false,
    "origin": null,
    "ageRestriction": false,
    "isWine": false,
    "rating": {
      "avgRating": 3,
      "votes": 54
    },
    "productPlacement": false,
    "_score": 375.7105,
    "subtitle": null,
    "externalUrl": null,
    "soldBy": "mathem",
    "showSoldBy": false,
    "disclaimer": null,
    "pharmacyInformation": null,
    "siteRestrictions": {
      "openOrder": {
        "add": "Allowed",
        "edit": "Allowed",
        "remove": "Allowed"
      }
    },
    "shops": [
      {
        "id": "1",
        "name": "mathem"
      }
    ]
  },
  {
    "id": "19668",
    "name": "Toalettpapper Mönstrat 6-p",
    "fullName": "Toalettpapper Mönstrat 6-p 624g Lambi",
    "gtin": "6414301053919",
    "url": "/varor/toalettpapper/toapapper-monstrat-6-p-624g-lambi",
    "images": {
      "SMALL": "//static.mathem.se/shared/images/products/small/toalettpapper-monstrat-6-p-624g-lambi-3.jpg",
      "MEDIUM": "//static.mathem.se/shared/images/products/medium/toalettpapper-monstrat-6-p-624g-lambi-3.jpg",
      "LARGE": "//static.mathem.se/shared/images/products/large/toalettpapper-monstrat-6-p-624g-lambi-3.jpg",
      "ORIGINAL": "//static.mathem.se/shared/images/products/original/toalettpapper-monstrat-6-p-624g-lambi-3.jpg"
    },
    "defaultQuantity": 0,
    "price": 34.95,
    "recyleFee": 0,
    "quantity": 624,
    "unit": "g",
    "approximateQuantity": false,
    "comparisonPrice": 56.01,
    "comparisonUnit": "kg",
    "amountInPackage": 6,
    "deliverableWeekdays": [],
    "discount": null,
    "department": {
      "id": 22,
      "name": "Hem & Hushåll",
      "url": "hem-o-hygien",
      "atHome": false
    },
    "category": {
      "name": "Hem & Hushåll"
    },
    "categoryAncestry": [
      {
        "id": 55,
        "name": "Toalettpapper",
        "url": "toalettpapper"
      },
      {
        "id": 4685,
        "name": "Hushålls- & Toapapper",
        "url": "hushalls--o-toapapper"
      },
      {
        "id": 22,
        "name": "Hem & Hushåll",
        "url": "hem-o-hygien"
      }
    ],
    "brand": {
      "id": 2450,
      "name": "Lambi",
      "url": "lambi"
    },
    "supplier": {
      "id": 7521,
      "name": "Metsä Tissue AB",
      "url": "metsa-tissue-ab"
    },
    "badges": [
      {
        "id": 2176,
        "name": "Svanenmärkt",
        "imageUrl": "svanen_ram_thick_border.png",
        "toolTip": "Svanenmärkt"
      }
    ],
    "preferences": {
      "dietary": [],
      "labels": [
        {
          "name": "Svanenmärkt"
        }
      ]
    },
    "availability": "AVAILABLE",
    "subscriptionProduct": false,
    "origin": null,
    "ageRestriction": false,
    "isWine": false,
    "rating": {
      "avgRating": 3,
      "votes": 36
    },
    "productPlacement": false,
    "_score": 375.7105,
    "subtitle": null,
    "externalUrl": null,
    "soldBy": "mathem",
    "showSoldBy": false,
    "disclaimer": null,
    "pharmacyInformation": null,
    "siteRestrictions": {
      "openOrder": {
        "add": "Allowed",
        "edit": "Allowed",
        "remove": "Allowed"
      }
    },
    "shops": [
      {
        "id": "1",
        "name": "mathem"
      }
    ]
  },
  {
    "id": "87112",
    "name": "Toalettpapper 3 Skikt 6-p",
    "fullName": "Toalettpapper 3 Skikt 6-p 996g Serla",
    "gtin": "6414301028184",
    "url": "/varor/toalettpapper/toalettpapper-3-skikt-6p-1050g-serla",
    "images": {
      "SMALL": "//static.mathem.se/shared/images/products/small/toalettpapper-3-skikt-6-p-996g-serla.jpg",
      "MEDIUM": "//static.mathem.se/shared/images/products/medium/toalettpapper-3-skikt-6-p-996g-serla.jpg",
      "LARGE": "//static.mathem.se/shared/images/products/large/toalettpapper-3-skikt-6-p-996g-serla.jpg",
      "ORIGINAL": "//static.mathem.se/shared/images/products/original/toalettpapper-3-skikt-6-p-996g-serla.jpg"
    },
    "defaultQuantity": 0,
    "price": 41.95,
    "recyleFee": 0,
    "quantity": 996,
    "unit": "g",
    "approximateQuantity": false,
    "comparisonPrice": 42.12,
    "comparisonUnit": "kg",
    "amountInPackage": 6,
    "deliverableWeekdays": [],
    "discount": null,
    "department": {
      "id": 22,
      "name": "Hem & Hushåll",
      "url": "hem-o-hygien",
      "atHome": false
    },
    "category": {
      "name": "Hem & Hushåll"
    },
    "categoryAncestry": [
      {
        "id": 55,
        "name": "Toalettpapper",
        "url": "toalettpapper"
      },
      {
        "id": 4685,
        "name": "Hushålls- & Toapapper",
        "url": "hushalls--o-toapapper"
      },
      {
        "id": 22,
        "name": "Hem & Hushåll",
        "url": "hem-o-hygien"
      }
    ],
    "brand": {
      "id": 2576,
      "name": "Serla",
      "url": "serla"
    },
    "supplier": {
      "id": 7521,
      "name": "Metsä Tissue AB",
      "url": "metsa-tissue-ab"
    },
    "badges": [
      {
        "id": 2176,
        "name": "Svanenmärkt",
        "imageUrl": "svanen_ram_thick_border.png",
        "toolTip": "Svanenmärkt"
      }
    ],
    "preferences": {
      "dietary": [],
      "labels": [
        {
          "name": "Svanenmärkt"
        }
      ]
    },
    "availability": "AVAILABLE",
    "subscriptionProduct": false,
    "origin": null,
    "ageRestriction": false,
    "isWine": false,
    "rating": {
      "avgRating": 3,
      "votes": 78
    },
    "productPlacement": false,
    "_score": 369.7105,
    "subtitle": null,
    "externalUrl": null,
    "soldBy": null,
    "showSoldBy": false,
    "disclaimer": null,
    "pharmacyInformation": null,
    "siteRestrictions": {
      "openOrder": {
        "add": "Allowed",
        "edit": "Allowed",
        "remove": "Allowed"
      }
    },
    "shops": [
      {
        "id": "1",
        "name": "mathem"
      }
    ]
  },
  {
    "id": "65495",
    "name": "Hushållspapper Extra Long 2-p",
    "fullName": "Hushållspapper Extra Long 2-p 424g Lambi",
    "gtin": "6414301049646",
    "url": "/varor/hushallspapper/hushallspapper-3-skikt-super-long-2-p-424g-lambi",
    "images": {
      "SMALL": "//static.mathem.se/shared/images/products/small/hushallspapper-extra-long-2-p-424g-lambi.jpg",
      "MEDIUM": "//static.mathem.se/shared/images/products/medium/hushallspapper-extra-long-2-p-424g-lambi.jpg",
      "LARGE": "//static.mathem.se/shared/images/products/large/hushallspapper-extra-long-2-p-424g-lambi.jpg",
      "ORIGINAL": "//static.mathem.se/shared/images/products/original/hushallspapper-extra-long-2-p-424g-lambi.jpg"
    },
    "defaultQuantity": 0,
    "price": 27.95,
    "recyleFee": 0,
    "quantity": 424,
    "unit": "g",
    "approximateQuantity": false,
    "comparisonPrice": 65.92,
    "comparisonUnit": "kg",
    "amountInPackage": 2,
    "deliverableWeekdays": [],
    "discount": null,
    "department": {
      "id": 22,
      "name": "Hem & Hushåll",
      "url": "hem-o-hygien",
      "atHome": false
    },
    "category": {
      "name": "Hem & Hushåll"
    },
    "categoryAncestry": [
      {
        "id": 512,
        "name": "Hushållspapper",
        "url": "hushallspapper"
      },
      {
        "id": 4685,
        "name": "Hushålls- & Toapapper",
        "url": "hushalls--o-toapapper"
      },
      {
        "id": 22,
        "name": "Hem & Hushåll",
        "url": "hem-o-hygien"
      }
    ],
    "brand": {
      "id": 2450,
      "name": "Lambi",
      "url": "lambi"
    },
    "supplier": {
      "id": 7521,
      "name": "Metsä Tissue AB",
      "url": "metsa-tissue-ab"
    },
    "badges": [
      {
        "id": 2176,
        "name": "Svanenmärkt",
        "imageUrl": "svanen_ram_thick_border.png",
        "toolTip": "Svanenmärkt"
      }
    ],
    "preferences": {
      "dietary": [],
      "labels": [
        {
          "name": "Svanenmärkt"
        }
      ]
    },
    "availability": "AVAILABLE",
    "subscriptionProduct": false,
    "origin": null,
    "ageRestriction": false,
    "isWine": false,
    "rating": {
      "avgRating": 3,
      "votes": 31
    },
    "productPlacement": false,
    "_score": 369.7105,
    "subtitle": null,
    "externalUrl": null,
    "soldBy": null,
    "showSoldBy": false,
    "disclaimer": null,
    "pharmacyInformation": null,
    "siteRestrictions": {
      "openOrder": {
        "add": "Allowed",
        "edit": "Allowed",
        "remove": "Allowed"
      }
    },
    "shops": [
      {
        "id": "1",
        "name": "mathem"
      }
    ]
  },
  {
    "id": "176569",
    "name": "Toalettpapper 12-p",
    "fullName": "Toalettpapper 12-p Serla",
    "gtin": "6414301028238",
    "url": "/varor/toalettpapper/toalett-miljoval",
    "images": {
      "SMALL": "//static.mathem.se/shared/images/products/small/toalettpapper-12-p-serla.jpg",
      "MEDIUM": "//static.mathem.se/shared/images/products/medium/toalettpapper-12-p-serla.jpg",
      "LARGE": "//static.mathem.se/shared/images/products/large/toalettpapper-12-p-serla.jpg",
      "ORIGINAL": "//static.mathem.se/shared/images/products/original/toalettpapper-12-p-serla.jpg"
    },
    "defaultQuantity": 0,
    "price": 79.95,
    "recyleFee": 0,
    "quantity": 1992,
    "unit": "g",
    "approximateQuantity": false,
    "comparisonPrice": 40.14,
    "comparisonUnit": "kg",
    "amountInPackage": 1,
    "deliverableWeekdays": [],
    "discount": null,
    "department": {
      "id": 22,
      "name": "Hem & Hushåll",
      "url": "hem-o-hygien",
      "atHome": false
    },
    "category": {
      "name": "Hem & Hushåll"
    },
    "categoryAncestry": [
      {
        "id": 55,
        "name": "Toalettpapper",
        "url": "toalettpapper"
      },
      {
        "id": 4685,
        "name": "Hushålls- & Toapapper",
        "url": "hushalls--o-toapapper"
      },
      {
        "id": 22,
        "name": "Hem & Hushåll",
        "url": "hem-o-hygien"
      }
    ],
    "brand": {
      "id": 2576,
      "name": "Serla",
      "url": "serla"
    },
    "supplier": {
      "id": 7521,
      "name": "Metsä Tissue AB",
      "url": "metsa-tissue-ab"
    },
    "badges": [
      {
        "id": 2176,
        "name": "Svanenmärkt",
        "imageUrl": "svanen_ram_thick_border.png",
        "toolTip": "Svanenmärkt"
      }
    ],
    "preferences": {
      "dietary": [],
      "labels": [
        {
          "name": "Svanenmärkt"
        }
      ]
    },
    "availability": "AVAILABLE",
    "subscriptionProduct": false,
    "origin": null,
    "ageRestriction": false,
    "isWine": false,
    "rating": {
      "avgRating": 3,
      "votes": 54
    },
    "productPlacement": false,
    "_score": 359.7105,
    "subtitle": null,
    "externalUrl": null,
    "soldBy": null,
    "showSoldBy": false,
    "disclaimer": null,
    "pharmacyInformation": null,
    "siteRestrictions": {
      "openOrder": {
        "add": "Allowed",
        "edit": "Allowed",
        "remove": "Allowed"
      }
    },
    "shops": [
      {
        "id": "1",
        "name": "mathem"
      }
    ]
  },
  {
    "id": "19688",
    "name": "Hushållspapper 3-skikt Dekor 4-p 564g",
    "fullName": "Hushållspapper 3-skikt Dekor 4-p 564g Lambi",
    "gtin": "6414301049707",
    "url": "/varor/hushallspapper/hushallspapper-3-skikt-dekor-4-p-564g-lambi",
    "images": {
      "SMALL": "//static.mathem.se/shared/images/products/small/hushallspapper-3-skikt-dekor-4-p-564g-lambi-5.jpg",
      "MEDIUM": "//static.mathem.se/shared/images/products/medium/hushallspapper-3-skikt-dekor-4-p-564g-lambi-5.jpg",
      "LARGE": "//static.mathem.se/shared/images/products/large/hushallspapper-3-skikt-dekor-4-p-564g-lambi-5.jpg",
      "ORIGINAL": "//static.mathem.se/shared/images/products/original/hushallspapper-3-skikt-dekor-4-p-564g-lambi-5.jpg"
    },
    "defaultQuantity": 0,
    "price": 33.95,
    "recyleFee": 0,
    "quantity": 568,
    "unit": "g",
    "approximateQuantity": false,
    "comparisonPrice": 59.77,
    "comparisonUnit": "kg",
    "amountInPackage": 4,
    "deliverableWeekdays": [],
    "discount": null,
    "department": {
      "id": 22,
      "name": "Hem & Hushåll",
      "url": "hem-o-hygien",
      "atHome": false
    },
    "category": {
      "name": "Hem & Hushåll"
    },
    "categoryAncestry": [
      {
        "id": 512,
        "name": "Hushållspapper",
        "url": "hushallspapper"
      },
      {
        "id": 4685,
        "name": "Hushålls- & Toapapper",
        "url": "hushalls--o-toapapper"
      },
      {
        "id": 22,
        "name": "Hem & Hushåll",
        "url": "hem-o-hygien"
      }
    ],
    "brand": {
      "id": 2450,
      "name": "Lambi",
      "url": "lambi"
    },
    "supplier": {
      "id": 7521,
      "name": "Metsä Tissue AB",
      "url": "metsa-tissue-ab"
    },
    "badges": [
      {
        "id": 2176,
        "name": "Svanenmärkt",
        "imageUrl": "svanen_ram_thick_border.png",
        "toolTip": "Svanenmärkt"
      }
    ],
    "preferences": {
      "dietary": [],
      "labels": [
        {
          "name": "Svanenmärkt"
        }
      ]
    },
    "availability": "AVAILABLE",
    "subscriptionProduct": false,
    "origin": null,
    "ageRestriction": false,
    "isWine": false,
    "rating": {
      "avgRating": 3,
      "votes": 10
    },
    "productPlacement": false,
    "_score": 359.7105,
    "subtitle": null,
    "externalUrl": null,
    "soldBy": "mathem",
    "showSoldBy": false,
    "disclaimer": null,
    "pharmacyInformation": null,
    "siteRestrictions": {
      "openOrder": {
        "add": "Allowed",
        "edit": "Allowed",
        "remove": "Allowed"
      }
    },
    "shops": [
      {
        "id": "1",
        "name": "mathem"
      }
    ]
  },
  {
    "id": "85474",
    "name": "Hushållspapper 4-p",
    "fullName": "Hushållspapper 4-p 538g Budget",
    "gtin": "7331746291685",
    "url": "/varor/hushallspapper-o-behallare/hushallspapper-4-pack-budget",
    "images": {
      "SMALL": "//static.mathem.se/shared/images/products/small/hushallspapper-4-p-538g-budget.jpg",
      "MEDIUM": "//static.mathem.se/shared/images/products/medium/hushallspapper-4-p-538g-budget.jpg",
      "LARGE": "//static.mathem.se/shared/images/products/large/hushallspapper-4-p-538g-budget.jpg",
      "ORIGINAL": "//static.mathem.se/shared/images/products/original/hushallspapper-4-p-538g-budget.jpg"
    },
    "defaultQuantity": 0,
    "price": 15.95,
    "recyleFee": 0,
    "quantity": 538,
    "unit": "g",
    "approximateQuantity": false,
    "comparisonPrice": 29.65,
    "comparisonUnit": "kg",
    "amountInPackage": 4,
    "deliverableWeekdays": [],
    "discount": null,
    "department": {
      "id": 22,
      "name": "Hem & Hushåll",
      "url": "hem-o-hygien",
      "atHome": false
    },
    "category": {
      "name": "Hem & Hushåll"
    },
    "categoryAncestry": [
      {
        "id": 512,
        "name": "Hushållspapper",
        "url": "hushallspapper"
      },
      {
        "id": 4685,
        "name": "Hushålls- & Toapapper",
        "url": "hushalls--o-toapapper"
      },
      {
        "id": 22,
        "name": "Hem & Hushåll",
        "url": "hem-o-hygien"
      }
    ],
    "brand": {
      "id": 13438,
      "name": "Budget",
      "url": "budget"
    },
    "supplier": {
      "id": 13435,
      "name": "Bergendahls EMV",
      "url": "bergendahls-emv"
    },
    "badges": [
      {
        "id": 2176,
        "name": "Svanenmärkt",
        "imageUrl": "svanen_ram_thick_border.png",
        "toolTip": "Svanenmärkt"
      }
    ],
    "preferences": {
      "dietary": [],
      "labels": [
        {
          "name": "Svanenmärkt"
        }
      ]
    },
    "availability": "AVAILABLE",
    "subscriptionProduct": false,
    "origin": null,
    "ageRestriction": false,
    "isWine": false,
    "rating": {
      "avgRating": 3,
      "votes": 42
    },
    "productPlacement": false,
    "_score": 341.7105,
    "subtitle": null,
    "externalUrl": null,
    "soldBy": "mathem",
    "showSoldBy": false,
    "disclaimer": null,
    "pharmacyInformation": null,
    "siteRestrictions": {
      "openOrder": {
        "add": "Allowed",
        "edit": "Allowed",
        "remove": "Allowed"
      }
    },
    "shops": [
      {
        "id": "1",
        "name": "mathem"
      }
    ]
  },
  {
    "id": "16259",
    "name": "Karins Lasagne Fryst",
    "fullName": "Karins Lasagne Fryst 390g Dafgård",
    "gtin": "7310960016489",
    "url": "/varor/portionsratter-kott/lasagne-karins-fryst-375g-dafgard",
    "images": {
      "SMALL": "//static.mathem.se/shared/images/products/small/07310960016489_g1r1.jpeg.jpg",
      "MEDIUM": "//static.mathem.se/shared/images/products/medium/07310960016489_g1r1.jpeg.jpg",
      "LARGE": "//static.mathem.se/shared/images/products/large/07310960016489_g1r1.jpeg.jpg",
      "ORIGINAL": "//static.mathem.se/shared/images/products/original/07310960016489_g1r1.jpeg.jpg"
    },
    "defaultQuantity": 0,
    "price": 26.95,
    "recyleFee": 0,
    "quantity": 390,
    "unit": "g",
    "approximateQuantity": false,
    "comparisonPrice": 69.1,
    "comparisonUnit": "kg",
    "amountInPackage": 1,
    "deliverableWeekdays": [],
    "discount": {
      "discountType": "MULTI_DISCOUNT",
      "campaignType": "MULTI_PRICE",
      "id": 1563162,
      "quantityToBeBought": 2,
      "discountCountLimit": 0,
      "discountUsageLimitOnAllOrders": 0,
      "discountMessage": null,
      "discountText": null,
      "displayPrice": 49,
      "price": 49,
      "unitPrice": 24.5,
      "comparisonPrice": 62.82,
      "savings": 2.45,
      "percentageSavings": 9,
      "allowedMemberTypes": null
    },
    "department": {
      "id": 16,
      "name": "Färdigmat & Mellanmål",
      "url": "fardigmat-o-halvfabrikat",
      "atHome": false
    },
    "category": {
      "name": "Färdigmat & Sallader"
    },
    "categoryAncestry": [
      {
        "id": 2917,
        "name": "Portionsrätter Kött",
        "url": "portionsratter-kott"
      },
      {
        "id": 3293,
        "name": "Portionsrätter",
        "url": "portionsratter"
      },
      {
        "id": 5536,
        "name": "Färdiglagat & Förberett",
        "url": "fardiglagat-o-forberett"
      },
      {
        "id": 16,
        "name": "Färdigmat & Mellanmål",
        "url": "fardigmat-o-halvfabrikat"
      }
    ],
    "brand": {
      "id": 2339,
      "name": "Dafgårds",
      "url": "dafgards"
    },
    "supplier": {
      "id": 6813,
      "name": "Dafgård Gunnar AB",
      "url": "dafgard-gunnar-ab"
    },
    "badges": [],
    "preferences": {
      "dietary": [],
      "labels": []
    },
    "availability": "AVAILABLE",
    "subscriptionProduct": false,
    "origin": null,
    "ageRestriction": false,
    "isWine": false,
    "rating": {
      "avgRating": 3,
      "votes": 32
    },
    "productPlacement": false,
    "_score": 395.25568,
    "subtitle": null,
    "externalUrl": null,
    "soldBy": null,
    "showSoldBy": false,
    "disclaimer": null,
    "pharmacyInformation": null,
    "siteRestrictions": {
      "openOrder": {
        "add": "Allowed",
        "edit": "Allowed",
        "remove": "Allowed"
      }
    },
    "shops": [
      {
        "id": "1",
        "name": "mathem"
      }
    ]
  },
  {
    "id": "76885",
    "name": "Kalops Fryst",
    "fullName": "Kalops Fryst 400g Dafgård",
    "gtin": "7310960648147",
    "url": "/varor/portionsratter-kott/kalops-fryst-400g-dafgard",
    "images": {
      "SMALL": "//static.mathem.se/shared/images/products/small/07310960648147_c1r1.jpg",
      "MEDIUM": "//static.mathem.se/shared/images/products/medium/07310960648147_c1r1.jpg",
      "LARGE": "//static.mathem.se/shared/images/products/large/07310960648147_c1r1.jpg",
      "ORIGINAL": "//static.mathem.se/shared/images/products/original/07310960648147_c1r1.jpg"
    },
    "defaultQuantity": 0,
    "price": 27.95,
    "recyleFee": 0,
    "quantity": 400,
    "unit": "g",
    "approximateQuantity": false,
    "comparisonPrice": 69.88,
    "comparisonUnit": "kg",
    "amountInPackage": 1,
    "deliverableWeekdays": [],
    "discount": {
      "discountType": "MULTI_DISCOUNT",
      "campaignType": "MULTI_PRICE",
      "id": 1562331,
      "quantityToBeBought": 2,
      "discountCountLimit": 0,
      "discountUsageLimitOnAllOrders": 0,
      "discountMessage": null,
      "discountText": null,
      "displayPrice": 49,
      "price": 49,
      "unitPrice": 24.5,
      "comparisonPrice": 61.25,
      "savings": 3.45,
      "percentageSavings": 12,
      "allowedMemberTypes": null
    },
    "department": {
      "id": 16,
      "name": "Färdigmat & Mellanmål",
      "url": "fardigmat-o-halvfabrikat",
      "atHome": false
    },
    "category": {
      "name": "Färdigmat & Sallader"
    },
    "categoryAncestry": [
      {
        "id": 2917,
        "name": "Portionsrätter Kött",
        "url": "portionsratter-kott"
      },
      {
        "id": 3293,
        "name": "Portionsrätter",
        "url": "portionsratter"
      },
      {
        "id": 5536,
        "name": "Färdiglagat & Förberett",
        "url": "fardiglagat-o-forberett"
      },
      {
        "id": 16,
        "name": "Färdigmat & Mellanmål",
        "url": "fardigmat-o-halvfabrikat"
      }
    ],
    "brand": {
      "id": 2339,
      "name": "Dafgårds",
      "url": "dafgards"
    },
    "supplier": {
      "id": 6813,
      "name": "Dafgård Gunnar AB",
      "url": "dafgard-gunnar-ab"
    },
    "badges": [],
    "preferences": {
      "dietary": [],
      "labels": []
    },
    "availability": "AVAILABLE",
    "subscriptionProduct": false,
    "origin": null,
    "ageRestriction": false,
    "isWine": false,
    "rating": {
      "avgRating": 2,
      "votes": 12
    },
    "productPlacement": false,
    "_score": 369.25568,
    "subtitle": null,
    "externalUrl": null,
    "soldBy": "mathem",
    "showSoldBy": false,
    "disclaimer": null,
    "pharmacyInformation": null,
    "siteRestrictions": {
      "openOrder": {
        "add": "Allowed",
        "edit": "Allowed",
        "remove": "Allowed"
      }
    },
    "shops": [
      {
        "id": "1",
        "name": "mathem"
      }
    ]
  },
  {
    "id": "95377",
    "name": "Kycklingfilé Rostad Fryst",
    "fullName": "Kycklingfilé Rostad Fryst 390g Findus",
    "gtin": "7310500109107",
    "url": "/varor/portionsratter-kyckling/kyckling-rostad-fryst-390g-findus",
    "images": {
      "SMALL": "//static.mathem.se/shared/images/products/small/07310500109107_g1n1.jpeg.jpg",
      "MEDIUM": "//static.mathem.se/shared/images/products/medium/07310500109107_g1n1.jpeg.jpg",
      "LARGE": "//static.mathem.se/shared/images/products/large/07310500109107_g1n1.jpeg.jpg",
      "ORIGINAL": "//static.mathem.se/shared/images/products/original/07310500109107_g1n1.jpeg.jpg"
    },
    "defaultQuantity": 0,
    "price": 31.95,
    "recyleFee": 0,
    "quantity": 390,
    "unit": "g",
    "approximateQuantity": false,
    "comparisonPrice": 81.92,
    "comparisonUnit": "kg",
    "amountInPackage": 1,
    "deliverableWeekdays": [],
    "discount": {
      "discountType": "MULTI_DISCOUNT",
      "campaignType": "MULTI_PRICE",
      "id": 1557135,
      "quantityToBeBought": 2,
      "discountCountLimit": 0,
      "discountUsageLimitOnAllOrders": 0,
      "discountMessage": null,
      "discountText": null,
      "displayPrice": 56,
      "price": 56,
      "unitPrice": 28,
      "comparisonPrice": 71.79,
      "savings": 3.95,
      "percentageSavings": 12,
      "allowedMemberTypes": null
    },
    "department": {
      "id": 16,
      "name": "Färdigmat & Mellanmål",
      "url": "fardigmat-o-halvfabrikat",
      "atHome": false
    },
    "category": {
      "name": "Färdigmat & Sallader"
    },
    "categoryAncestry": [
      {
        "id": 2522,
        "name": "Portionsrätter Kyckling",
        "url": "portionsratter-kyckling"
      },
      {
        "id": 3293,
        "name": "Portionsrätter",
        "url": "portionsratter"
      },
      {
        "id": 5536,
        "name": "Färdiglagat & Förberett",
        "url": "fardiglagat-o-forberett"
      },
      {
        "id": 16,
        "name": "Färdigmat & Mellanmål",
        "url": "fardigmat-o-halvfabrikat"
      }
    ],
    "brand": {
      "id": 2383,
      "name": "Findus",
      "url": "findus"
    },
    "supplier": {
      "id": 6963,
      "name": "Findus.",
      "url": "findus-"
    },
    "badges": [],
    "preferences": {
      "dietary": [],
      "labels": []
    },
    "availability": "AVAILABLE",
    "subscriptionProduct": false,
    "origin": null,
    "ageRestriction": false,
    "isWine": false,
    "rating": {
      "avgRating": 3,
      "votes": 28
    },
    "productPlacement": false,
    "_score": 359.25568,
    "subtitle": null,
    "externalUrl": null,
    "soldBy": null,
    "showSoldBy": false,
    "disclaimer": null,
    "pharmacyInformation": null,
    "siteRestrictions": {
      "openOrder": {
        "add": "Allowed",
        "edit": "Allowed",
        "remove": "Allowed"
      }
    },
    "shops": [
      {
        "id": "1",
        "name": "mathem"
      }
    ]
  },
  {
    "id": "16252",
    "name": "Fläskschnitzel Fryst",
    "fullName": "Fläskschnitzel Fryst 420g Dafgård",
    "gtin": "7310960016496",
    "url": "/varor/portionsratter-kott/flasksnitzel-fryst-420g-dafgard",
    "images": {
      "SMALL": "//static.mathem.se/shared/images/products/small/07310960016496_c1r1.jpg",
      "MEDIUM": "//static.mathem.se/shared/images/products/medium/07310960016496_c1r1.jpg",
      "LARGE": "//static.mathem.se/shared/images/products/large/07310960016496_c1r1.jpg",
      "ORIGINAL": "//static.mathem.se/shared/images/products/original/07310960016496_c1r1.jpg"
    },
    "defaultQuantity": 0,
    "price": 27.95,
    "recyleFee": 0,
    "quantity": 420,
    "unit": "g",
    "approximateQuantity": false,
    "comparisonPrice": 66.55,
    "comparisonUnit": "kg",
    "amountInPackage": 0,
    "deliverableWeekdays": [],
    "discount": {
      "discountType": "MULTI_DISCOUNT",
      "campaignType": "MULTI_PRICE",
      "id": 1560831,
      "quantityToBeBought": 2,
      "discountCountLimit": 0,
      "discountUsageLimitOnAllOrders": 0,
      "discountMessage": null,
      "discountText": null,
      "displayPrice": 49,
      "price": 49,
      "unitPrice": 24.5,
      "comparisonPrice": 58.33,
      "savings": 3.45,
      "percentageSavings": 12,
      "allowedMemberTypes": null
    },
    "department": {
      "id": 16,
      "name": "Färdigmat & Mellanmål",
      "url": "fardigmat-o-halvfabrikat",
      "atHome": false
    },
    "category": {
      "name": "Färdigmat & Sallader"
    },
    "categoryAncestry": [
      {
        "id": 2917,
        "name": "Portionsrätter Kött",
        "url": "portionsratter-kott"
      },
      {
        "id": 3293,
        "name": "Portionsrätter",
        "url": "portionsratter"
      },
      {
        "id": 5536,
        "name": "Färdiglagat & Förberett",
        "url": "fardiglagat-o-forberett"
      },
      {
        "id": 16,
        "name": "Färdigmat & Mellanmål",
        "url": "fardigmat-o-halvfabrikat"
      }
    ],
    "brand": {
      "id": 2339,
      "name": "Dafgårds",
      "url": "dafgards"
    },
    "supplier": {
      "id": 6813,
      "name": "Dafgård Gunnar AB",
      "url": "dafgard-gunnar-ab"
    },
    "badges": [],
    "preferences": {
      "dietary": [],
      "labels": []
    },
    "availability": "AVAILABLE",
    "subscriptionProduct": false,
    "origin": null,
    "ageRestriction": false,
    "isWine": false,
    "rating": {
      "avgRating": 3,
      "votes": 7
    },
    "productPlacement": false,
    "_score": 359.25568,
    "subtitle": null,
    "externalUrl": null,
    "soldBy": null,
    "showSoldBy": false,
    "disclaimer": null,
    "pharmacyInformation": null,
    "siteRestrictions": {
      "openOrder": {
        "add": "Allowed",
        "edit": "Allowed",
        "remove": "Allowed"
      }
    },
    "shops": [
      {
        "id": "1",
        "name": "mathem"
      }
    ]
  },
  {
    "id": "14159",
    "name": "Köttbullar med Potatismos Fryst",
    "fullName": "Köttbullar med Potatismos Fryst 400g Findus",
    "gtin": "7310500040141",
    "url": "/varor/portionsratter-kott/kottbullar-med-potatismos-fryst-400g-findus",
    "images": {
      "SMALL": "//static.mathem.se/shared/images/products/small/kottbullar-med-potatismos-2.jpg",
      "MEDIUM": "//static.mathem.se/shared/images/products/medium/kottbullar-med-potatismos-2.jpg",
      "LARGE": "//static.mathem.se/shared/images/products/large/kottbullar-med-potatismos-2.jpg",
      "ORIGINAL": "//static.mathem.se/shared/images/products/original/kottbullar-med-potatismos-2.jpg"
    },
    "defaultQuantity": 0,
    "price": 31.95,
    "recyleFee": 0,
    "quantity": 400,
    "unit": "g",
    "approximateQuantity": false,
    "comparisonPrice": 79.88,
    "comparisonUnit": "kg",
    "amountInPackage": 0,
    "deliverableWeekdays": [],
    "discount": {
      "discountType": "MULTI_DISCOUNT",
      "campaignType": "MULTI_PRICE",
      "id": 1560279,
      "quantityToBeBought": 2,
      "discountCountLimit": 0,
      "discountUsageLimitOnAllOrders": 0,
      "discountMessage": null,
      "discountText": null,
      "displayPrice": 56,
      "price": 56,
      "unitPrice": 28,
      "comparisonPrice": 70,
      "savings": 3.95,
      "percentageSavings": 12,
      "allowedMemberTypes": null
    },
    "department": {
      "id": 16,
      "name": "Färdigmat & Mellanmål",
      "url": "fardigmat-o-halvfabrikat",
      "atHome": false
    },
    "category": {
      "name": "Färdigmat & Sallader"
    },
    "categoryAncestry": [
      {
        "id": 2917,
        "name": "Portionsrätter Kött",
        "url": "portionsratter-kott"
      },
      {
        "id": 3293,
        "name": "Portionsrätter",
        "url": "portionsratter"
      },
      {
        "id": 5536,
        "name": "Färdiglagat & Förberett",
        "url": "fardiglagat-o-forberett"
      },
      {
        "id": 16,
        "name": "Färdigmat & Mellanmål",
        "url": "fardigmat-o-halvfabrikat"
      }
    ],
    "brand": {
      "id": 2383,
      "name": "Findus",
      "url": "findus"
    },
    "supplier": {
      "id": 6963,
      "name": "Findus.",
      "url": "findus-"
    },
    "badges": [],
    "preferences": {
      "dietary": [],
      "labels": []
    },
    "availability": "AVAILABLE",
    "subscriptionProduct": false,
    "origin": null,
    "ageRestriction": false,
    "isWine": false,
    "rating": {
      "avgRating": 3,
      "votes": 9
    },
    "productPlacement": false,
    "_score": 359.25568,
    "subtitle": null,
    "externalUrl": null,
    "soldBy": null,
    "showSoldBy": false,
    "disclaimer": null,
    "pharmacyInformation": null,
    "siteRestrictions": {
      "openOrder": {
        "add": "Allowed",
        "edit": "Allowed",
        "remove": "Allowed"
      }
    },
    "shops": [
      {
        "id": "1",
        "name": "mathem"
      }
    ]
  },
  {
    "id": "12165",
    "name": "Risgrynsgröt",
    "fullName": "Risgrynsgröt 500g Felix",
    "gtin": "7310090755692",
    "url": "/varor/risgrynsgrot-fardig/risgrynsgrot-500g-felix",
    "images": {
      "SMALL": "//static.mathem.se/shared/images/products/small/risgrynsgrot-500g-felix-5.jpg",
      "MEDIUM": "//static.mathem.se/shared/images/products/medium/risgrynsgrot-500g-felix-5.jpg",
      "LARGE": "//static.mathem.se/shared/images/products/large/risgrynsgrot-500g-felix-5.jpg",
      "ORIGINAL": "//static.mathem.se/shared/images/products/original/risgrynsgrot-500g-felix-5.jpg"
    },
    "defaultQuantity": 0,
    "price": 11.95,
    "recyleFee": 0,
    "quantity": 500,
    "unit": "g",
    "approximateQuantity": false,
    "comparisonPrice": 23.9,
    "comparisonUnit": "kg",
    "amountInPackage": 1,
    "deliverableWeekdays": [],
    "discount": null,
    "department": {
      "id": 16,
      "name": "Färdigmat & Mellanmål",
      "url": "fardigmat-o-halvfabrikat",
      "atHome": false
    },
    "category": {
      "name": "Färdigmat & Sallader"
    },
    "categoryAncestry": [
      {
        "id": 1439,
        "name": "Risgrynsgröt Färdig",
        "url": "risgrynsgrot-fardig"
      },
      {
        "id": 5536,
        "name": "Färdiglagat & Förberett",
        "url": "fardiglagat-o-forberett"
      },
      {
        "id": 16,
        "name": "Färdigmat & Mellanmål",
        "url": "fardigmat-o-halvfabrikat"
      }
    ],
    "brand": {
      "id": 576,
      "name": "Felix",
      "url": "felix"
    },
    "supplier": {
      "id": 7653,
      "name": "Orkla Foods Sverige AB",
      "url": "orkla-foods-sverige-ab"
    },
    "badges": [
      {
        "id": 2230,
        "name": "Från Sverige",
        "imageUrl": "fran_sverige.png",
        "toolTip": "Från Sverige"
      }
    ],
    "preferences": {
      "dietary": [],
      "labels": [
        {
          "name": "Från Sverige"
        }
      ]
    },
    "availability": "AVAILABLE",
    "subscriptionProduct": false,
    "origin": null,
    "ageRestriction": false,
    "isWine": false,
    "rating": {
      "avgRating": 3,
      "votes": 45
    },
    "productPlacement": false,
    "_score": 347.25568,
    "subtitle": null,
    "externalUrl": null,
    "soldBy": null,
    "showSoldBy": false,
    "disclaimer": null,
    "pharmacyInformation": null,
    "siteRestrictions": {
      "openOrder": {
        "add": "Allowed",
        "edit": "Allowed",
        "remove": "Allowed"
      }
    },
    "shops": [
      {
        "id": "1",
        "name": "mathem"
      }
    ]
  },
  {
    "id": "184458",
    "name": "Delikatessköttbullar Fryst",
    "fullName": "Delikatessköttbullar Fryst 420g Dafgårds",
    "gtin": "7310960041900",
    "url": "/varor/portionsratter-kott/sma-delikatesskottbullar-fryst-420g-dafgard",
    "images": {
      "SMALL": "//static.mathem.se/shared/images/products/small/07310960041900_C1R1.jpeg",
      "MEDIUM": "//static.mathem.se/shared/images/products/medium/07310960041900_C1R1.jpeg",
      "LARGE": "//static.mathem.se/shared/images/products/large/07310960041900_C1R1.jpeg",
      "ORIGINAL": "//static.mathem.se/shared/images/products/original/07310960041900_C1R1.jpeg"
    },
    "defaultQuantity": 0,
    "price": 38.95,
    "recyleFee": 0,
    "quantity": 420,
    "unit": "g",
    "approximateQuantity": false,
    "comparisonPrice": 92.74,
    "comparisonUnit": "kg",
    "amountInPackage": 1,
    "deliverableWeekdays": [],
    "discount": null,
    "department": {
      "id": 16,
      "name": "Färdigmat & Mellanmål",
      "url": "fardigmat-o-halvfabrikat",
      "atHome": false
    },
    "category": {
      "name": "Färdigmat & Sallader"
    },
    "categoryAncestry": [
      {
        "id": 2917,
        "name": "Portionsrätter Kött",
        "url": "portionsratter-kott"
      },
      {
        "id": 3293,
        "name": "Portionsrätter",
        "url": "portionsratter"
      },
      {
        "id": 5536,
        "name": "Färdiglagat & Förberett",
        "url": "fardiglagat-o-forberett"
      },
      {
        "id": 16,
        "name": "Färdigmat & Mellanmål",
        "url": "fardigmat-o-halvfabrikat"
      }
    ],
    "brand": {
      "id": 2339,
      "name": "Dafgårds",
      "url": "dafgards"
    },
    "supplier": {
      "id": 6813,
      "name": "Dafgård Gunnar AB",
      "url": "dafgard-gunnar-ab"
    },
    "badges": [],
    "preferences": {
      "dietary": [],
      "labels": []
    },
    "availability": "AVAILABLE",
    "subscriptionProduct": false,
    "origin": null,
    "ageRestriction": false,
    "isWine": false,
    "rating": {
      "avgRating": 5,
      "votes": 1
    },
    "productPlacement": false,
    "_score": 335.25568,
    "subtitle": null,
    "externalUrl": null,
    "soldBy": null,
    "showSoldBy": false,
    "disclaimer": null,
    "pharmacyInformation": null,
    "siteRestrictions": {
      "openOrder": {
        "add": "Allowed",
        "edit": "Allowed",
        "remove": "Allowed"
      }
    },
    "shops": [
      {
        "id": "1",
        "name": "mathem"
      }
    ]
  },
  {
    "id": "149815",
    "name": "Fisk med Topping Frysta",
    "fullName": "Fisk med Topping Frysta 390g Findus",
    "gtin": "7310500178011",
    "url": "/varor/portionsratter-fisk/fisk-med-topping-frysta-390g-findus",
    "images": {
      "SMALL": "//static.mathem.se/shared/images/products/small/07310500178011_c1n1.jpg",
      "MEDIUM": "//static.mathem.se/shared/images/products/medium/07310500178011_c1n1.jpg",
      "LARGE": "//static.mathem.se/shared/images/products/large/07310500178011_c1n1.jpg",
      "ORIGINAL": "//static.mathem.se/shared/images/products/original/07310500178011_c1n1.jpg"
    },
    "defaultQuantity": 0,
    "price": 31.95,
    "recyleFee": 0,
    "quantity": 390,
    "unit": "g",
    "approximateQuantity": false,
    "comparisonPrice": 81.92,
    "comparisonUnit": "kg",
    "amountInPackage": 1,
    "deliverableWeekdays": [],
    "discount": null,
    "department": {
      "id": 16,
      "name": "Färdigmat & Mellanmål",
      "url": "fardigmat-o-halvfabrikat",
      "atHome": false
    },
    "category": {
      "name": "Färdigmat & Sallader"
    },
    "categoryAncestry": [
      {
        "id": 2918,
        "name": "Portionsrätter Fisk",
        "url": "portionsratter-fisk"
      },
      {
        "id": 3293,
        "name": "Portionsrätter",
        "url": "portionsratter"
      },
      {
        "id": 5536,
        "name": "Färdiglagat & Förberett",
        "url": "fardiglagat-o-forberett"
      },
      {
        "id": 16,
        "name": "Färdigmat & Mellanmål",
        "url": "fardigmat-o-halvfabrikat"
      }
    ],
    "brand": {
      "id": 2383,
      "name": "Findus",
      "url": "findus"
    },
    "supplier": {
      "id": 6963,
      "name": "Findus.",
      "url": "findus-"
    },
    "badges": [],
    "preferences": {
      "dietary": [],
      "labels": []
    },
    "availability": "AVAILABLE",
    "subscriptionProduct": false,
    "origin": null,
    "ageRestriction": false,
    "isWine": false,
    "rating": {
      "avgRating": 4,
      "votes": 6
    },
    "productPlacement": false,
    "_score": 335.25568,
    "subtitle": null,
    "externalUrl": null,
    "soldBy": null,
    "showSoldBy": false,
    "disclaimer": null,
    "pharmacyInformation": null,
    "siteRestrictions": {
      "openOrder": {
        "add": "Allowed",
        "edit": "Allowed",
        "remove": "Allowed"
      }
    },
    "shops": [
      {
        "id": "1",
        "name": "mathem"
      }
    ]
  },
  {
    "id": "14158",
    "name": "Pannbiff med Löksky Fryst",
    "fullName": "Pannbiff med Löksky Fryst 400g Findus",
    "gtin": "7310500040134",
    "url": "/varor/portionsratter-kott/pannbiff-med-loksky-fryst-400g-findus",
    "images": {
      "SMALL": "//static.mathem.se/shared/images/products/small/pannbiff-med-loksky-fryst-400g-findus-108.jpg",
      "MEDIUM": "//static.mathem.se/shared/images/products/medium/pannbiff-med-loksky-fryst-400g-findus-108.jpg",
      "LARGE": "//static.mathem.se/shared/images/products/large/pannbiff-med-loksky-fryst-400g-findus-108.jpg",
      "ORIGINAL": "//static.mathem.se/shared/images/products/original/pannbiff-med-loksky-fryst-400g-findus-108.jpg"
    },
    "defaultQuantity": 0,
    "price": 31.95,
    "recyleFee": 0,
    "quantity": 400,
    "unit": "g",
    "approximateQuantity": false,
    "comparisonPrice": 79.88,
    "comparisonUnit": "kg",
    "amountInPackage": 0,
    "deliverableWeekdays": [],
    "discount": {
      "discountType": "MULTI_DISCOUNT",
      "campaignType": "MULTI_PRICE",
      "id": 1557453,
      "quantityToBeBought": 2,
      "discountCountLimit": 0,
      "discountUsageLimitOnAllOrders": 0,
      "discountMessage": null,
      "discountText": null,
      "displayPrice": 56,
      "price": 56,
      "unitPrice": 28,
      "comparisonPrice": 70,
      "savings": 3.95,
      "percentageSavings": 12,
      "allowedMemberTypes": null
    },
    "department": {
      "id": 16,
      "name": "Färdigmat & Mellanmål",
      "url": "fardigmat-o-halvfabrikat",
      "atHome": false
    },
    "category": {
      "name": "Färdigmat & Sallader"
    },
    "categoryAncestry": [
      {
        "id": 2917,
        "name": "Portionsrätter Kött",
        "url": "portionsratter-kott"
      },
      {
        "id": 3293,
        "name": "Portionsrätter",
        "url": "portionsratter"
      },
      {
        "id": 5536,
        "name": "Färdiglagat & Förberett",
        "url": "fardiglagat-o-forberett"
      },
      {
        "id": 16,
        "name": "Färdigmat & Mellanmål",
        "url": "fardigmat-o-halvfabrikat"
      }
    ],
    "brand": {
      "id": 2383,
      "name": "Findus",
      "url": "findus"
    },
    "supplier": {
      "id": 6963,
      "name": "Findus.",
      "url": "findus-"
    },
    "badges": [],
    "preferences": {
      "dietary": [],
      "labels": []
    },
    "availability": "AVAILABLE",
    "subscriptionProduct": false,
    "origin": null,
    "ageRestriction": false,
    "isWine": false,
    "rating": {
      "avgRating": 3,
      "votes": 7
    },
    "productPlacement": false,
    "_score": 335.25568,
    "subtitle": null,
    "externalUrl": null,
    "soldBy": null,
    "showSoldBy": false,
    "disclaimer": null,
    "pharmacyInformation": null,
    "siteRestrictions": {
      "openOrder": {
        "add": "Allowed",
        "edit": "Allowed",
        "remove": "Allowed"
      }
    },
    "shops": [
      {
        "id": "1",
        "name": "mathem"
      }
    ]
  },
  {
    "id": "176806",
    "name": "Tareqs Fläsklägg med Rotmos",
    "fullName": "Tareqs Fläsklägg med Rotmos 410g Maten É Klar",
    "gtin": "7350108010009",
    "url": "/varor/portionsratter-kott/tareqs-rotmos-med-flasklagg-410g-maten-e-klar",
    "images": {
      "SMALL": "//static.mathem.se/shared/images/products/small/07350108010009_c1n1.jpg",
      "MEDIUM": "//static.mathem.se/shared/images/products/medium/07350108010009_c1n1.jpg",
      "LARGE": "//static.mathem.se/shared/images/products/large/07350108010009_c1n1.jpg",
      "ORIGINAL": "//static.mathem.se/shared/images/products/original/07350108010009_c1n1.jpg"
    },
    "defaultQuantity": 0,
    "price": 74.95,
    "recyleFee": 0,
    "quantity": 410,
    "unit": "g",
    "approximateQuantity": false,
    "comparisonPrice": 182.8,
    "comparisonUnit": "kg",
    "amountInPackage": 1,
    "deliverableWeekdays": [],
    "discount": null,
    "department": {
      "id": 16,
      "name": "Färdigmat & Mellanmål",
      "url": "fardigmat-o-halvfabrikat",
      "atHome": false
    },
    "category": {
      "name": "Färdigmat & Sallader"
    },
    "categoryAncestry": [
      {
        "id": 2917,
        "name": "Portionsrätter Kött",
        "url": "portionsratter-kott"
      },
      {
        "id": 3293,
        "name": "Portionsrätter",
        "url": "portionsratter"
      },
      {
        "id": 5536,
        "name": "Färdiglagat & Förberett",
        "url": "fardiglagat-o-forberett"
      },
      {
        "id": 16,
        "name": "Färdigmat & Mellanmål",
        "url": "fardigmat-o-halvfabrikat"
      }
    ],
    "brand": {
      "id": 17038,
      "name": "Maten É Klar",
      "url": "maten-e-klar"
    },
    "supplier": {
      "id": 17035,
      "name": "Svenska Måltidslösningar AB",
      "url": "svenska-maltidslosningar-ab"
    },
    "badges": [
      {
        "id": 2230,
        "name": "Från Sverige",
        "imageUrl": "fran_sverige.png",
        "toolTip": "Från Sverige"
      }
    ],
    "preferences": {
      "dietary": [],
      "labels": [
        {
          "name": "Från Sverige"
        }
      ]
    },
    "availability": "AVAILABLE",
    "subscriptionProduct": false,
    "origin": null,
    "ageRestriction": false,
    "isWine": false,
    "rating": {
      "avgRating": 4,
      "votes": 17
    },
    "productPlacement": false,
    "_score": 329.25568,
    "subtitle": null,
    "externalUrl": null,
    "soldBy": null,
    "showSoldBy": false,
    "disclaimer": null,
    "pharmacyInformation": null,
    "siteRestrictions": {
      "openOrder": {
        "add": "Allowed",
        "edit": "Allowed",
        "remove": "Allowed"
      }
    },
    "shops": [
      {
        "id": "1",
        "name": "mathem"
      }
    ]
  },
  {
    "id": "13516",
    "name": "Ahlgrens Bilar Original",
    "fullName": "Ahlgrens Bilar Original 160g",
    "gtin": "7310350109906",
    "url": "/varor/godispase---skumgodis/ahlgrens-bilar-original-160g-",
    "images": {
      "SMALL": "//static.mathem.se/shared/images/products/small/ahlgrens-bilar-original-160g.jpg",
      "MEDIUM": "//static.mathem.se/shared/images/products/medium/ahlgrens-bilar-original-160g.jpg",
      "LARGE": "//static.mathem.se/shared/images/products/large/ahlgrens-bilar-original-160g.jpg",
      "ORIGINAL": "//static.mathem.se/shared/images/products/original/ahlgrens-bilar-original-160g.jpg"
    },
    "defaultQuantity": 0,
    "price": 17.95,
    "recyleFee": 0,
    "quantity": 160,
    "unit": "g",
    "approximateQuantity": false,
    "comparisonPrice": 112.19,
    "comparisonUnit": "kg",
    "amountInPackage": 0,
    "deliverableWeekdays": [],
    "discount": null,
    "department": {
      "id": 14,
      "name": "Glass, godis och snacks",
      "url": "glass-godis-o-snacks",
      "atHome": false
    },
    "category": {
      "name": "Glass, Godis & Snacks"
    },
    "categoryAncestry": [
      {
        "id": 4729,
        "name": "Godispåsar",
        "url": "godispasar"
      },
      {
        "id": 3813,
        "name": "Godis",
        "url": "godis--choklad-o-lakrits"
      },
      {
        "id": 14,
        "name": "Glass, godis och snacks",
        "url": "glass-godis-o-snacks"
      }
    ],
    "brand": {
      "id": 5150,
      "name": "Ahlgrens Bilar",
      "url": "ahlgrens-bilar"
    },
    "supplier": {
      "id": 6774,
      "name": "Cloetta Sverige AB",
      "url": "cloetta-sverige-ab"
    },
    "badges": [],
    "preferences": {
      "dietary": [],
      "labels": []
    },
    "availability": "AVAILABLE",
    "subscriptionProduct": false,
    "origin": null,
    "ageRestriction": false,
    "isWine": false,
    "rating": {
      "avgRating": 4,
      "votes": 10
    },
    "productPlacement": false,
    "_score": 374.7513,
    "subtitle": null,
    "externalUrl": null,
    "soldBy": null,
    "showSoldBy": false,
    "disclaimer": null,
    "pharmacyInformation": null,
    "siteRestrictions": {
      "openOrder": {
        "add": "Allowed",
        "edit": "Allowed",
        "remove": "Allowed"
      }
    },
    "shops": [
      {
        "id": "1",
        "name": "mathem"
      }
    ]
  },
  {
    "id": "158425",
    "name": "Lösviktsgodis",
    "fullName": "Lösviktsgodis 500g Mathem",
    "gtin": "445724737",
    "url": "/varor/losviktsgodis/familjepase-500g-mathem",
    "images": {
      "SMALL": "//static.mathem.se/shared/images/products/small/familjepasen-500g-karamellkungen-3.jpg",
      "MEDIUM": "//static.mathem.se/shared/images/products/medium/familjepasen-500g-karamellkungen-3.jpg",
      "LARGE": "//static.mathem.se/shared/images/products/large/familjepasen-500g-karamellkungen-3.jpg",
      "ORIGINAL": "//static.mathem.se/shared/images/products/original/familjepasen-500g-karamellkungen-3.jpg"
    },
    "defaultQuantity": 0,
    "price": 59.95,
    "recyleFee": 0,
    "quantity": 500,
    "unit": "g",
    "approximateQuantity": false,
    "comparisonPrice": 119.9,
    "comparisonUnit": "kg",
    "amountInPackage": 0,
    "deliverableWeekdays": [],
    "discount": null,
    "department": {
      "id": 14,
      "name": "Glass, godis och snacks",
      "url": "glass-godis-o-snacks",
      "atHome": false
    },
    "category": {
      "name": "Glass, Godis & Snacks"
    },
    "categoryAncestry": [
      {
        "id": 4570,
        "name": "Lösviktsgodis",
        "url": "losviktsgodis"
      },
      {
        "id": 3813,
        "name": "Godis",
        "url": "godis--choklad-o-lakrits"
      },
      {
        "id": 14,
        "name": "Glass, godis och snacks",
        "url": "glass-godis-o-snacks"
      }
    ],
    "brand": {
      "id": 1773,
      "name": "MatHem",
      "url": "mathem"
    },
    "supplier": {
      "id": 7479,
      "name": "Mathem",
      "url": "mathem"
    },
    "badges": [],
    "preferences": {
      "dietary": [],
      "labels": []
    },
    "availability": "AVAILABLE",
    "subscriptionProduct": false,
    "origin": null,
    "ageRestriction": false,
    "isWine": false,
    "rating": {
      "avgRating": 2,
      "votes": 200
    },
    "productPlacement": false,
    "_score": 336.7513,
    "subtitle": null,
    "externalUrl": null,
    "soldBy": null,
    "showSoldBy": false,
    "disclaimer": null,
    "pharmacyInformation": null,
    "siteRestrictions": {
      "openOrder": {
        "add": "Allowed",
        "edit": "Allowed",
        "remove": "Allowed"
      }
    },
    "shops": [
      {
        "id": "1",
        "name": "mathem"
      }
    ]
  },
  {
    "id": "146605",
    "name": "Gott & Blandat Original",
    "fullName": "Gott & Blandat Original 400g Malaco",
    "gtin": "7310350118175",
    "url": "/varor/godispase---gelegodis/gott-o-blandat-original-400g-malaco",
    "images": {
      "SMALL": "//static.mathem.se/shared/images/products/small/gott-o-blandat-original-400g-malaco-2.jpg",
      "MEDIUM": "//static.mathem.se/shared/images/products/medium/gott-o-blandat-original-400g-malaco-2.jpg",
      "LARGE": "//static.mathem.se/shared/images/products/large/gott-o-blandat-original-400g-malaco-2.jpg",
      "ORIGINAL": "//static.mathem.se/shared/images/products/original/gott-o-blandat-original-400g-malaco-2.jpg"
    },
    "defaultQuantity": 0,
    "price": 30.95,
    "recyleFee": 0,
    "quantity": 400,
    "unit": "g",
    "approximateQuantity": false,
    "comparisonPrice": 77.38,
    "comparisonUnit": "kg",
    "amountInPackage": 1,
    "deliverableWeekdays": [],
    "discount": null,
    "department": {
      "id": 14,
      "name": "Glass, godis och snacks",
      "url": "glass-godis-o-snacks",
      "atHome": false
    },
    "category": {
      "name": "Glass, Godis & Snacks"
    },
    "categoryAncestry": [
      {
        "id": 4729,
        "name": "Godispåsar",
        "url": "godispasar"
      },
      {
        "id": 3813,
        "name": "Godis",
        "url": "godis--choklad-o-lakrits"
      },
      {
        "id": 14,
        "name": "Glass, godis och snacks",
        "url": "glass-godis-o-snacks"
      }
    ],
    "brand": {
      "id": 2478,
      "name": "Malaco",
      "url": "malaco"
    },
    "supplier": {
      "id": 6774,
      "name": "Cloetta Sverige AB",
      "url": "cloetta-sverige-ab"
    },
    "badges": [],
    "preferences": {
      "dietary": [],
      "labels": []
    },
    "availability": "AVAILABLE",
    "subscriptionProduct": false,
    "origin": null,
    "ageRestriction": false,
    "isWine": false,
    "rating": {
      "avgRating": 3,
      "votes": 4
    },
    "productPlacement": false,
    "_score": 334.7513,
    "subtitle": null,
    "externalUrl": null,
    "soldBy": null,
    "showSoldBy": false,
    "disclaimer": null,
    "pharmacyInformation": null,
    "siteRestrictions": {
      "openOrder": {
        "add": "Allowed",
        "edit": "Allowed",
        "remove": "Allowed"
      }
    },
    "shops": [
      {
        "id": "1",
        "name": "mathem"
      }
    ]
  },
  {
    "id": "96060",
    "name": "Lösviktsgodis",
    "fullName": "Lösviktsgodis 1kg Mathem",
    "gtin": "445724037",
    "url": "/varor/losviktsgodis/familjepase-1kg-mathem",
    "images": {
      "SMALL": "//static.mathem.se/shared/images/products/small/familjepasen-1kg-karamellkungen-9.jpg",
      "MEDIUM": "//static.mathem.se/shared/images/products/medium/familjepasen-1kg-karamellkungen-9.jpg",
      "LARGE": "//static.mathem.se/shared/images/products/large/familjepasen-1kg-karamellkungen-9.jpg",
      "ORIGINAL": "//static.mathem.se/shared/images/products/original/familjepasen-1kg-karamellkungen-9.jpg"
    },
    "defaultQuantity": 0,
    "price": 99,
    "recyleFee": 0,
    "quantity": 1,
    "unit": "kg",
    "approximateQuantity": false,
    "comparisonPrice": 99,
    "comparisonUnit": "kg",
    "amountInPackage": 0,
    "deliverableWeekdays": [],
    "discount": null,
    "department": {
      "id": 14,
      "name": "Glass, godis och snacks",
      "url": "glass-godis-o-snacks",
      "atHome": false
    },
    "category": {
      "name": "Glass, Godis & Snacks"
    },
    "categoryAncestry": [
      {
        "id": 4570,
        "name": "Lösviktsgodis",
        "url": "losviktsgodis"
      },
      {
        "id": 3813,
        "name": "Godis",
        "url": "godis--choklad-o-lakrits"
      },
      {
        "id": 14,
        "name": "Glass, godis och snacks",
        "url": "glass-godis-o-snacks"
      }
    ],
    "brand": {
      "id": 1773,
      "name": "MatHem",
      "url": "mathem"
    },
    "supplier": {
      "id": 7479,
      "name": "Mathem",
      "url": "mathem"
    },
    "badges": [],
    "preferences": {
      "dietary": [],
      "labels": []
    },
    "availability": "AVAILABLE",
    "subscriptionProduct": false,
    "origin": null,
    "ageRestriction": false,
    "isWine": false,
    "rating": {
      "avgRating": 2,
      "votes": 553
    },
    "productPlacement": false,
    "_score": 332.7513,
    "subtitle": null,
    "externalUrl": null,
    "soldBy": null,
    "showSoldBy": false,
    "disclaimer": null,
    "pharmacyInformation": null,
    "siteRestrictions": {
      "openOrder": {
        "add": "Allowed",
        "edit": "Allowed",
        "remove": "Allowed"
      }
    },
    "shops": [
      {
        "id": "1",
        "name": "mathem"
      }
    ]
  },
  {
    "id": "71601",
    "name": "Polly Mjölkchoklad",
    "fullName": "Polly Mjölkchoklad 200g Cloetta",
    "gtin": "7310040034532",
    "url": "/varor/polly/polly-rod-200g-cloetta",
    "images": {
      "SMALL": "//static.mathem.se/shared/images/products/small/polly-mjolkchoklad-200g-cloetta.jpg",
      "MEDIUM": "//static.mathem.se/shared/images/products/medium/polly-mjolkchoklad-200g-cloetta.jpg",
      "LARGE": "//static.mathem.se/shared/images/products/large/polly-mjolkchoklad-200g-cloetta.jpg",
      "ORIGINAL": "//static.mathem.se/shared/images/products/original/polly-mjolkchoklad-200g-cloetta.jpg"
    },
    "defaultQuantity": 0,
    "price": 25.95,
    "recyleFee": 0,
    "quantity": 200,
    "unit": "g",
    "approximateQuantity": false,
    "comparisonPrice": 129.75,
    "comparisonUnit": "kg",
    "amountInPackage": 1,
    "deliverableWeekdays": [],
    "discount": {
      "discountType": "PRODUCT_DISCOUNT",
      "campaignType": "WEEKLY",
      "id": 1687841,
      "quantityToBeBought": 1,
      "discountCountLimit": 0,
      "discountUsageLimitOnAllOrders": 0,
      "discountMessage": null,
      "discountText": null,
      "displayPrice": 20,
      "price": 20,
      "unitPrice": 20,
      "comparisonPrice": 100,
      "savings": 5.95,
      "percentageSavings": 22,
      "allowedMemberTypes": null
    },
    "department": {
      "id": 14,
      "name": "Glass, godis och snacks",
      "url": "glass-godis-o-snacks",
      "atHome": false
    },
    "category": {
      "name": "Glass, Godis & Snacks"
    },
    "categoryAncestry": [
      {
        "id": 4614,
        "name": "Polly",
        "url": "polly"
      },
      {
        "id": 4729,
        "name": "Godispåsar",
        "url": "godispasar"
      },
      {
        "id": 3813,
        "name": "Godis",
        "url": "godis--choklad-o-lakrits"
      },
      {
        "id": 14,
        "name": "Glass, godis och snacks",
        "url": "glass-godis-o-snacks"
      }
    ],
    "brand": {
      "id": 2334,
      "name": "Cloetta",
      "url": "cloetta"
    },
    "supplier": {
      "id": 6774,
      "name": "Cloetta Sverige AB",
      "url": "cloetta-sverige-ab"
    },
    "badges": [],
    "preferences": {
      "dietary": [],
      "labels": []
    },
    "availability": "AVAILABLE",
    "subscriptionProduct": false,
    "origin": null,
    "ageRestriction": false,
    "isWine": false,
    "rating": {
      "avgRating": 3,
      "votes": 5
    },
    "productPlacement": false,
    "_score": 324.7513,
    "subtitle": null,
    "externalUrl": null,
    "soldBy": null,
    "showSoldBy": false,
    "disclaimer": null,
    "pharmacyInformation": null,
    "siteRestrictions": {
      "openOrder": {
        "add": "Allowed",
        "edit": "Allowed",
        "remove": "Allowed"
      }
    },
    "shops": [
      {
        "id": "1",
        "name": "mathem"
      }
    ]
  },
  {
    "id": "5845",
    "name": "Tuggummi White Sweet Mint",
    "fullName": "Tuggummi White Sweet Mint 29g Extra",
    "gtin": "4009900527897",
    "url": "/varor/tuggummi/tuggummi-white-sweet-mint-pase-35g-extra",
    "images": {
      "SMALL": "//static.mathem.se/shared/images/products/small/04009900527897_c1n1.jpg",
      "MEDIUM": "//static.mathem.se/shared/images/products/medium/04009900527897_c1n1.jpg",
      "LARGE": "//static.mathem.se/shared/images/products/large/04009900527897_c1n1.jpg",
      "ORIGINAL": "//static.mathem.se/shared/images/products/original/04009900527897_c1n1.jpg"
    },
    "defaultQuantity": 0,
    "price": 18.95,
    "recyleFee": 0,
    "quantity": 29,
    "unit": "g",
    "approximateQuantity": false,
    "comparisonPrice": 653.45,
    "comparisonUnit": "kg",
    "amountInPackage": 1,
    "deliverableWeekdays": [],
    "discount": {
      "discountType": "MULTI_DISCOUNT",
      "campaignType": "MULTI_PRICE",
      "id": 1558506,
      "quantityToBeBought": 2,
      "discountCountLimit": 0,
      "discountUsageLimitOnAllOrders": 0,
      "discountMessage": null,
      "discountText": null,
      "displayPrice": 32,
      "price": 32,
      "unitPrice": 16,
      "comparisonPrice": 551.72,
      "savings": 2.95,
      "percentageSavings": 15,
      "allowedMemberTypes": null
    },
    "department": {
      "id": 14,
      "name": "Glass, godis och snacks",
      "url": "glass-godis-o-snacks",
      "atHome": false
    },
    "category": {
      "name": "Glass, Godis & Snacks"
    },
    "categoryAncestry": [
      {
        "id": 318,
        "name": "Tuggummi",
        "url": "tuggummi"
      },
      {
        "id": 3813,
        "name": "Godis",
        "url": "godis--choklad-o-lakrits"
      },
      {
        "id": 14,
        "name": "Glass, godis och snacks",
        "url": "glass-godis-o-snacks"
      }
    ],
    "brand": {
      "id": 2371,
      "name": "Extra",
      "url": "extra"
    },
    "supplier": {
      "id": 7476,
      "name": "Mars Sverige AB",
      "url": "mars-sverige-ab"
    },
    "badges": [],
    "preferences": {
      "dietary": [],
      "labels": []
    },
    "availability": "AVAILABLE",
    "subscriptionProduct": false,
    "origin": null,
    "ageRestriction": false,
    "isWine": false,
    "rating": {
      "avgRating": 2,
      "votes": 11
    },
    "productPlacement": false,
    "_score": 308.7513,
    "subtitle": null,
    "externalUrl": null,
    "soldBy": null,
    "showSoldBy": false,
    "disclaimer": null,
    "pharmacyInformation": null,
    "siteRestrictions": {
      "openOrder": {
        "add": "Allowed",
        "edit": "Allowed",
        "remove": "Allowed"
      }
    },
    "shops": [
      {
        "id": "1",
        "name": "mathem"
      }
    ]
  },
  {
    "id": "10589",
    "name": "Dumle Original",
    "fullName": "Dumle Original 220g Fazer",
    "gtin": "6411401035388",
    "url": "/varor/dumle/dumle-original-220g-fazer",
    "images": {
      "SMALL": "//static.mathem.se/shared/images/products/small/06411401035388_c1n1.jpg",
      "MEDIUM": "//static.mathem.se/shared/images/products/medium/06411401035388_c1n1.jpg",
      "LARGE": "//static.mathem.se/shared/images/products/large/06411401035388_c1n1.jpg",
      "ORIGINAL": "//static.mathem.se/shared/images/products/original/06411401035388_c1n1.jpg"
    },
    "defaultQuantity": 0,
    "price": 29.95,
    "recyleFee": 0,
    "quantity": 220,
    "unit": "g",
    "approximateQuantity": false,
    "comparisonPrice": 136.14,
    "comparisonUnit": "kg",
    "amountInPackage": 12,
    "deliverableWeekdays": [],
    "discount": null,
    "department": {
      "id": 14,
      "name": "Glass, godis och snacks",
      "url": "glass-godis-o-snacks",
      "atHome": false
    },
    "category": {
      "name": "Glass, Godis & Snacks"
    },
    "categoryAncestry": [
      {
        "id": 4829,
        "name": "Dumle",
        "url": "dumle"
      },
      {
        "id": 4729,
        "name": "Godispåsar",
        "url": "godispasar"
      },
      {
        "id": 3813,
        "name": "Godis",
        "url": "godis--choklad-o-lakrits"
      },
      {
        "id": 14,
        "name": "Glass, godis och snacks",
        "url": "glass-godis-o-snacks"
      }
    ],
    "brand": {
      "id": 14041,
      "name": "Fazer Konfektyr",
      "url": "fazer-konfektyr"
    },
    "supplier": {
      "id": 6939,
      "name": "Fazer Konfektyr AB",
      "url": "fazer-konfektyr-ab"
    },
    "badges": [],
    "preferences": {
      "dietary": [],
      "labels": []
    },
    "availability": "AVAILABLE",
    "subscriptionProduct": false,
    "origin": null,
    "ageRestriction": false,
    "isWine": false,
    "rating": {
      "avgRating": 3,
      "votes": 8
    },
    "productPlacement": false,
    "_score": 298.7513,
    "subtitle": null,
    "externalUrl": null,
    "soldBy": null,
    "showSoldBy": false,
    "disclaimer": null,
    "pharmacyInformation": null,
    "siteRestrictions": {
      "openOrder": {
        "add": "Allowed",
        "edit": "Allowed",
        "remove": "Allowed"
      }
    },
    "shops": [
      {
        "id": "1",
        "name": "mathem"
      }
    ]
  },
  {
    "id": "10499",
    "name": "Marianne",
    "fullName": "Marianne 220g Fazer",
    "gtin": "6410803642019",
    "url": "/varor/karameller-o-drageer/marianne-big-pack-220g-fazer",
    "images": {
      "SMALL": "//static.mathem.se/shared/images/products/small/06410803642019_c1n1.jpeg.jpg",
      "MEDIUM": "//static.mathem.se/shared/images/products/medium/06410803642019_c1n1.jpeg.jpg",
      "LARGE": "//static.mathem.se/shared/images/products/large/06410803642019_c1n1.jpeg.jpg",
      "ORIGINAL": "//static.mathem.se/shared/images/products/original/06410803642019_c1n1.jpeg.jpg"
    },
    "defaultQuantity": 0,
    "price": 29.95,
    "recyleFee": 0,
    "quantity": 220,
    "unit": "g",
    "approximateQuantity": false,
    "comparisonPrice": 136.14,
    "comparisonUnit": "kg",
    "amountInPackage": 0,
    "deliverableWeekdays": [],
    "discount": null,
    "department": {
      "id": 14,
      "name": "Glass, godis och snacks",
      "url": "glass-godis-o-snacks",
      "atHome": false
    },
    "category": {
      "name": "Glass, Godis & Snacks"
    },
    "categoryAncestry": [
      {
        "id": 4729,
        "name": "Godispåsar",
        "url": "godispasar"
      },
      {
        "id": 3813,
        "name": "Godis",
        "url": "godis--choklad-o-lakrits"
      },
      {
        "id": 14,
        "name": "Glass, godis och snacks",
        "url": "glass-godis-o-snacks"
      }
    ],
    "brand": {
      "id": 14041,
      "name": "Fazer Konfektyr",
      "url": "fazer-konfektyr"
    },
    "supplier": {
      "id": 6939,
      "name": "Fazer Konfektyr AB",
      "url": "fazer-konfektyr-ab"
    },
    "badges": [],
    "preferences": {
      "dietary": [],
      "labels": []
    },
    "availability": "AVAILABLE",
    "subscriptionProduct": false,
    "origin": null,
    "ageRestriction": false,
    "isWine": false,
    "rating": {
      "avgRating": 4,
      "votes": 3
    },
    "productPlacement": false,
    "_score": 298.7513,
    "subtitle": null,
    "externalUrl": null,
    "soldBy": null,
    "showSoldBy": false,
    "disclaimer": null,
    "pharmacyInformation": null,
    "siteRestrictions": {
      "openOrder": {
        "add": "Allowed",
        "edit": "Allowed",
        "remove": "Allowed"
      }
    },
    "shops": [
      {
        "id": "1",
        "name": "mathem"
      }
    ]
  },
  {
    "id": "71605",
    "name": "Polly Original",
    "fullName": "Polly Original 200g Cloetta",
    "gtin": "7310040034525",
    "url": "/varor/polly/polly-bla-200g-cloetta",
    "images": {
      "SMALL": "//static.mathem.se/shared/images/products/small/polly-original-200g-cloetta-3.jpg",
      "MEDIUM": "//static.mathem.se/shared/images/products/medium/polly-original-200g-cloetta-3.jpg",
      "LARGE": "//static.mathem.se/shared/images/products/large/polly-original-200g-cloetta-3.jpg",
      "ORIGINAL": "//static.mathem.se/shared/images/products/original/polly-original-200g-cloetta-3.jpg"
    },
    "defaultQuantity": 0,
    "price": 25.95,
    "recyleFee": 0,
    "quantity": 200,
    "unit": "g",
    "approximateQuantity": false,
    "comparisonPrice": 129.75,
    "comparisonUnit": "kg",
    "amountInPackage": 1,
    "deliverableWeekdays": [],
    "discount": {
      "discountType": "PRODUCT_DISCOUNT",
      "campaignType": "WEEKLY",
      "id": 1687838,
      "quantityToBeBought": 1,
      "discountCountLimit": 0,
      "discountUsageLimitOnAllOrders": 0,
      "discountMessage": null,
      "discountText": null,
      "displayPrice": 20,
      "price": 20,
      "unitPrice": 20,
      "comparisonPrice": 100,
      "savings": 5.95,
      "percentageSavings": 22,
      "allowedMemberTypes": null
    },
    "department": {
      "id": 14,
      "name": "Glass, godis och snacks",
      "url": "glass-godis-o-snacks",
      "atHome": false
    },
    "category": {
      "name": "Glass, Godis & Snacks"
    },
    "categoryAncestry": [
      {
        "id": 4614,
        "name": "Polly",
        "url": "polly"
      },
      {
        "id": 4729,
        "name": "Godispåsar",
        "url": "godispasar"
      },
      {
        "id": 3813,
        "name": "Godis",
        "url": "godis--choklad-o-lakrits"
      },
      {
        "id": 14,
        "name": "Glass, godis och snacks",
        "url": "glass-godis-o-snacks"
      }
    ],
    "brand": {
      "id": 2334,
      "name": "Cloetta",
      "url": "cloetta"
    },
    "supplier": {
      "id": 6774,
      "name": "Cloetta Sverige AB",
      "url": "cloetta-sverige-ab"
    },
    "badges": [],
    "preferences": {
      "dietary": [],
      "labels": []
    },
    "availability": "AVAILABLE",
    "subscriptionProduct": false,
    "origin": null,
    "ageRestriction": false,
    "isWine": false,
    "rating": {
      "avgRating": 4,
      "votes": 3
    },
    "productPlacement": false,
    "_score": 294.7513,
    "subtitle": null,
    "externalUrl": null,
    "soldBy": null,
    "showSoldBy": false,
    "disclaimer": null,
    "pharmacyInformation": null,
    "siteRestrictions": {
      "openOrder": {
        "add": "Allowed",
        "edit": "Allowed",
        "remove": "Allowed"
      }
    },
    "shops": [
      {
        "id": "1",
        "name": "mathem"
      }
    ]
  },
  {
    "id": "143149",
    "name": "Peacemärke Jorgubb/Lakrits",
    "fullName": "Peacemärke Jorgubb/Lakrits 80g Candy People",
    "gtin": "7350039457690",
    "url": "/varor/godispasar/peacemarke-jorgubblakrits-80g-candy-people",
    "images": {
      "SMALL": "//static.mathem.se/shared/images/products/small/07350039457690_c1n1.jpeg.jpg",
      "MEDIUM": "//static.mathem.se/shared/images/products/medium/07350039457690_c1n1.jpeg.jpg",
      "LARGE": "//static.mathem.se/shared/images/products/large/07350039457690_c1n1.jpeg.jpg",
      "ORIGINAL": "//static.mathem.se/shared/images/products/original/07350039457690_c1n1.jpeg.jpg"
    },
    "defaultQuantity": 0,
    "price": 13.95,
    "recyleFee": 0,
    "quantity": 80,
    "unit": "g",
    "approximateQuantity": false,
    "comparisonPrice": 174.37,
    "comparisonUnit": "kg",
    "amountInPackage": 1,
    "deliverableWeekdays": [],
    "discount": {
      "discountType": "MULTI_DISCOUNT",
      "campaignType": "MULTI_PRICE",
      "id": 1559664,
      "quantityToBeBought": 2,
      "discountCountLimit": 0,
      "discountUsageLimitOnAllOrders": 0,
      "discountMessage": null,
      "discountText": null,
      "displayPrice": 20,
      "price": 20,
      "unitPrice": 10,
      "comparisonPrice": 125,
      "savings": 3.95,
      "percentageSavings": 28,
      "allowedMemberTypes": null
    },
    "department": {
      "id": 14,
      "name": "Glass, godis och snacks",
      "url": "glass-godis-o-snacks",
      "atHome": false
    },
    "category": {
      "name": "Glass, Godis & Snacks"
    },
    "categoryAncestry": [
      {
        "id": 4729,
        "name": "Godispåsar",
        "url": "godispasar"
      },
      {
        "id": 3813,
        "name": "Godis",
        "url": "godis--choklad-o-lakrits"
      },
      {
        "id": 14,
        "name": "Glass, godis och snacks",
        "url": "glass-godis-o-snacks"
      }
    ],
    "brand": {
      "id": 10404,
      "name": "Candy people",
      "url": "candy-people"
    },
    "supplier": {
      "id": 10404,
      "name": "Candy people",
      "url": "candy-people"
    },
    "badges": [],
    "preferences": {
      "dietary": [],
      "labels": []
    },
    "availability": "AVAILABLE",
    "subscriptionProduct": false,
    "origin": null,
    "ageRestriction": false,
    "isWine": false,
    "rating": {
      "avgRating": 3,
      "votes": 9
    },
    "productPlacement": false,
    "_score": 288.7513,
    "subtitle": null,
    "externalUrl": null,
    "soldBy": null,
    "showSoldBy": false,
    "disclaimer": null,
    "pharmacyInformation": null,
    "siteRestrictions": {
      "openOrder": {
        "add": "Allowed",
        "edit": "Allowed",
        "remove": "Allowed"
      }
    },
    "shops": [
      {
        "id": "1",
        "name": "mathem"
      }
    ]
  },
  {
    "id": "99108",
    "name": "Fruktstång Jordgubbar 5x20g",
    "fullName": "Fruktstång Jordgubbar 5x20g Castus",
    "gtin": "5707653001747",
    "url": "/varor/barnmellanmal/fruktstang-jordgubbar-5x20g-castus",
    "images": {
      "SMALL": "//static.mathem.se/shared/images/products/small/05707653000931_c1n1.jpeg.jpg",
      "MEDIUM": "//static.mathem.se/shared/images/products/medium/05707653000931_c1n1.jpeg.jpg",
      "LARGE": "//static.mathem.se/shared/images/products/large/05707653000931_c1n1.jpeg.jpg",
      "ORIGINAL": "//static.mathem.se/shared/images/products/original/05707653000931_c1n1.jpeg.jpg"
    },
    "defaultQuantity": 0,
    "price": 22.95,
    "recyleFee": 0,
    "quantity": 100,
    "unit": "g",
    "approximateQuantity": false,
    "comparisonPrice": 229.5,
    "comparisonUnit": "kg",
    "amountInPackage": 1,
    "deliverableWeekdays": [],
    "discount": null,
    "department": {
      "id": 10,
      "name": "Barnmat och tillbehör",
      "url": "barnmat-o-tillbehor",
      "atHome": false
    },
    "category": {
      "name": "Övrigt"
    },
    "categoryAncestry": [
      {
        "id": 5524,
        "name": "Barnsnacks och mellanmål",
        "url": "mellanmal-for-barn"
      },
      {
        "id": 2806,
        "name": "Barnmat",
        "url": "barnmat"
      },
      {
        "id": 10,
        "name": "Barnmat och tillbehör",
        "url": "barnmat-o-tillbehor"
      }
    ],
    "brand": {
      "id": 5532,
      "name": "Castus",
      "url": "castus"
    },
    "supplier": {
      "id": 5233,
      "name": "Ellas Kitchen",
      "url": "ellas-kitchen"
    },
    "badges": [],
    "preferences": {
      "dietary": [],
      "labels": []
    },
    "availability": "AVAILABLE",
    "subscriptionProduct": false,
    "origin": null,
    "ageRestriction": false,
    "isWine": false,
    "rating": {
      "avgRating": 3,
      "votes": 13
    },
    "productPlacement": false,
    "_score": 263.55453,
    "subtitle": null,
    "externalUrl": null,
    "soldBy": null,
    "showSoldBy": false,
    "disclaimer": null,
    "pharmacyInformation": null,
    "siteRestrictions": {
      "openOrder": {
        "add": "Allowed",
        "edit": "Allowed",
        "remove": "Allowed"
      }
    },
    "shops": [
      {
        "id": "1",
        "name": "mathem"
      }
    ]
  },
  {
    "id": "184320",
    "name": "Mexikansk Gryta 8M EKO",
    "fullName": "Mexikansk Gryta 8M EKO 185g Lovemade",
    "gtin": "3444570200809",
    "url": "/varor/barnmat-8-man/tex-mex-8m-eko-185g-lovemade",
    "images": {
      "SMALL": "//static.mathem.se/shared/images/products/small/03444570200809_C1L1.jpeg",
      "MEDIUM": "//static.mathem.se/shared/images/products/medium/03444570200809_C1L1.jpeg",
      "LARGE": "//static.mathem.se/shared/images/products/large/03444570200809_C1L1.jpeg",
      "ORIGINAL": "//static.mathem.se/shared/images/products/original/03444570200809_C1L1.jpeg"
    },
    "defaultQuantity": 0,
    "price": 21.95,
    "recyleFee": 0,
    "quantity": 185,
    "unit": "g",
    "approximateQuantity": false,
    "comparisonPrice": 118.65,
    "comparisonUnit": "kg",
    "amountInPackage": 1,
    "deliverableWeekdays": [],
    "discount": null,
    "department": {
      "id": 10,
      "name": "Barnmat och tillbehör",
      "url": "barnmat-o-tillbehor",
      "atHome": false
    },
    "category": {
      "name": "Övrigt"
    },
    "categoryAncestry": [
      {
        "id": 246,
        "name": "Barnmat 8 mån",
        "url": "barnmat-8-man"
      },
      {
        "id": 2806,
        "name": "Barnmat",
        "url": "barnmat"
      },
      {
        "id": 10,
        "name": "Barnmat och tillbehör",
        "url": "barnmat-o-tillbehor"
      }
    ],
    "brand": {
      "id": 11386,
      "name": "Lovemade",
      "url": "lovemade"
    },
    "supplier": {
      "id": 11383,
      "name": "LoveMade Ab",
      "url": "lovemade-ab"
    },
    "badges": [
      {
        "id": 2167,
        "name": "Ekologisk",
        "imageUrl": "ekoIcon.png",
        "toolTip": "Ekologisk"
      }
    ],
    "preferences": {
      "dietary": [],
      "labels": [
        {
          "name": "Ekologisk"
        }
      ]
    },
    "availability": "AVAILABLE",
    "subscriptionProduct": false,
    "origin": null,
    "ageRestriction": false,
    "isWine": false,
    "rating": {
      "avgRating": 5,
      "votes": 2
    },
    "productPlacement": true,
    "_score": 0,
    "subtitle": null,
    "externalUrl": null,
    "soldBy": "mathem",
    "showSoldBy": false,
    "disclaimer": null,
    "pharmacyInformation": null,
    "siteRestrictions": {
      "openOrder": {
        "add": "Allowed",
        "edit": "Allowed",
        "remove": "Allowed"
      }
    },
    "shops": [
      {
        "id": "1",
        "name": "mathem"
      }
    ]
  },
  {
    "id": "90883",
    "name": "Klämpåse Smoothie Äpple, Banan & Jordgubb 6M",
    "fullName": "Klämpåse Smoothie Äpple, Banan & Jordgubb 6M 90g Nestlé",
    "gtin": "7613033880537",
    "url": "/varor/barnmellanmal/smoothie-applebanan-6m-90g-nestle",
    "images": {
      "SMALL": "//static.mathem.se/shared/images/products/small/07613033880537_c1n1.jpeg.jpg",
      "MEDIUM": "//static.mathem.se/shared/images/products/medium/07613033880537_c1n1.jpeg.jpg",
      "LARGE": "//static.mathem.se/shared/images/products/large/07613033880537_c1n1.jpeg.jpg",
      "ORIGINAL": "//static.mathem.se/shared/images/products/original/07613033880537_c1n1.jpeg.jpg"
    },
    "defaultQuantity": 0,
    "price": 12.95,
    "recyleFee": 0,
    "quantity": 90,
    "unit": "g",
    "approximateQuantity": false,
    "comparisonPrice": 143.89,
    "comparisonUnit": "kg",
    "amountInPackage": 1,
    "deliverableWeekdays": [],
    "discount": {
      "discountType": "MULTI_DISCOUNT",
      "campaignType": "MULTI_PRICE",
      "id": 1563351,
      "quantityToBeBought": 3,
      "discountCountLimit": 0,
      "discountUsageLimitOnAllOrders": 0,
      "discountMessage": null,
      "discountText": null,
      "displayPrice": 33,
      "price": 33,
      "unitPrice": 11,
      "comparisonPrice": 122.22,
      "savings": 1.95,
      "percentageSavings": 15,
      "allowedMemberTypes": null
    },
    "department": {
      "id": 10,
      "name": "Barnmat och tillbehör",
      "url": "barnmat-o-tillbehor",
      "atHome": false
    },
    "category": {
      "name": "Övrigt"
    },
    "categoryAncestry": [
      {
        "id": 4676,
        "name": "Barnsmoothies",
        "url": "barnmellanmal"
      },
      {
        "id": 2806,
        "name": "Barnmat",
        "url": "barnmat"
      },
      {
        "id": 10,
        "name": "Barnmat och tillbehör",
        "url": "barnmat-o-tillbehor"
      }
    ],
    "brand": {
      "id": 2501,
      "name": "Nestlé",
      "url": "nestle"
    },
    "supplier": {
      "id": 7575,
      "name": "Nestlé Mat",
      "url": "nestle"
    },
    "badges": [],
    "preferences": {
      "dietary": [],
      "labels": []
    },
    "availability": "AVAILABLE",
    "subscriptionProduct": false,
    "origin": null,
    "ageRestriction": false,
    "isWine": false,
    "rating": {
      "avgRating": 4,
      "votes": 9
    },
    "productPlacement": false,
    "_score": 249.55453,
    "subtitle": null,
    "externalUrl": null,
    "soldBy": null,
    "showSoldBy": false,
    "disclaimer": null,
    "pharmacyInformation": null,
    "siteRestrictions": {
      "openOrder": {
        "add": "Allowed",
        "edit": "Allowed",
        "remove": "Allowed"
      }
    },
    "shops": [
      {
        "id": "1",
        "name": "mathem"
      }
    ]
  },
  {
    "id": "64682",
    "name": "Katrinplommon 4M",
    "fullName": "Katrinplommon 4M 125g Nestlé",
    "gtin": "7613033573088",
    "url": "/varor/katrinplommonpure/katrinplommon-4m-125g-nestle",
    "images": {
      "SMALL": "//static.mathem.se/shared/images/products/small/07613033573088_c1c1.jpg",
      "MEDIUM": "//static.mathem.se/shared/images/products/medium/07613033573088_c1c1.jpg",
      "LARGE": "//static.mathem.se/shared/images/products/large/07613033573088_c1c1.jpg",
      "ORIGINAL": "//static.mathem.se/shared/images/products/original/07613033573088_c1c1.jpg"
    },
    "defaultQuantity": 0,
    "price": 10.95,
    "recyleFee": 0,
    "quantity": 125,
    "unit": "g",
    "approximateQuantity": false,
    "comparisonPrice": 87.6,
    "comparisonUnit": "kg",
    "amountInPackage": 1,
    "deliverableWeekdays": [],
    "discount": {
      "discountType": "MULTI_DISCOUNT",
      "campaignType": "MULTI_PRICE",
      "id": 1556955,
      "quantityToBeBought": 3,
      "discountCountLimit": 0,
      "discountUsageLimitOnAllOrders": 0,
      "discountMessage": null,
      "discountText": null,
      "displayPrice": 30,
      "price": 30,
      "unitPrice": 10,
      "comparisonPrice": 80,
      "savings": 0.95,
      "percentageSavings": 8,
      "allowedMemberTypes": null
    },
    "department": {
      "id": 10,
      "name": "Barnmat och tillbehör",
      "url": "barnmat-o-tillbehor",
      "atHome": false
    },
    "category": {
      "name": "Övrigt"
    },
    "categoryAncestry": [
      {
        "id": 2862,
        "name": "Katrinplommonpure",
        "url": "katrinplommonpure"
      },
      {
        "id": 303,
        "name": "Barnmat 4 mån",
        "url": "barnmat-4-man"
      },
      {
        "id": 2806,
        "name": "Barnmat",
        "url": "barnmat"
      },
      {
        "id": 10,
        "name": "Barnmat och tillbehör",
        "url": "barnmat-o-tillbehor"
      }
    ],
    "brand": {
      "id": 2501,
      "name": "Nestlé",
      "url": "nestle"
    },
    "supplier": {
      "id": 7575,
      "name": "Nestlé Mat",
      "url": "nestle"
    },
    "badges": [],
    "preferences": {
      "dietary": [],
      "labels": []
    },
    "availability": "AVAILABLE",
    "subscriptionProduct": false,
    "origin": null,
    "ageRestriction": false,
    "isWine": false,
    "rating": {
      "avgRating": 3,
      "votes": 9
    },
    "productPlacement": false,
    "_score": 249.55453,
    "subtitle": null,
    "externalUrl": null,
    "soldBy": null,
    "showSoldBy": false,
    "disclaimer": null,
    "pharmacyInformation": null,
    "siteRestrictions": {
      "openOrder": {
        "add": "Allowed",
        "edit": "Allowed",
        "remove": "Allowed"
      }
    },
    "shops": [
      {
        "id": "1",
        "name": "mathem"
      }
    ]
  },
  {
    "id": "12312",
    "name": "Lasagne 12M",
    "fullName": "Lasagne 12M 235g Semper",
    "gtin": "7310100960573",
    "url": "/varor/barnmat-12-man/lasagne-12m-235g-semper",
    "images": {
      "SMALL": "//static.mathem.se/shared/images/products/small/07310100960573_g1c1.jpg",
      "MEDIUM": "//static.mathem.se/shared/images/products/medium/07310100960573_g1c1.jpg",
      "LARGE": "//static.mathem.se/shared/images/products/large/07310100960573_g1c1.jpg",
      "ORIGINAL": "//static.mathem.se/shared/images/products/original/07310100960573_g1c1.jpg"
    },
    "defaultQuantity": 0,
    "price": 14.95,
    "recyleFee": 0,
    "quantity": 235,
    "unit": "g",
    "approximateQuantity": false,
    "comparisonPrice": 63.62,
    "comparisonUnit": "kg",
    "amountInPackage": 1,
    "deliverableWeekdays": [],
    "discount": {
      "discountType": "MULTI_DISCOUNT",
      "campaignType": "MULTI_PRICE",
      "id": 1561689,
      "quantityToBeBought": 3,
      "discountCountLimit": 0,
      "discountUsageLimitOnAllOrders": 0,
      "discountMessage": null,
      "discountText": null,
      "displayPrice": 36,
      "price": 36,
      "unitPrice": 12,
      "comparisonPrice": 51.06,
      "savings": 2.95,
      "percentageSavings": 19,
      "allowedMemberTypes": null
    },
    "department": {
      "id": 10,
      "name": "Barnmat och tillbehör",
      "url": "barnmat-o-tillbehor",
      "atHome": false
    },
    "category": {
      "name": "Övrigt"
    },
    "categoryAncestry": [
      {
        "id": 302,
        "name": "Barnmat 12 mån",
        "url": "barnmat-12-man"
      },
      {
        "id": 2806,
        "name": "Barnmat",
        "url": "barnmat"
      },
      {
        "id": 10,
        "name": "Barnmat och tillbehör",
        "url": "barnmat-o-tillbehor"
      }
    ],
    "brand": {
      "id": 2574,
      "name": "Semper",
      "url": "semper"
    },
    "supplier": {
      "id": 7884,
      "name": "Semper AB",
      "url": "semper-ab"
    },
    "badges": [],
    "preferences": {
      "dietary": [],
      "labels": []
    },
    "availability": "AVAILABLE",
    "subscriptionProduct": false,
    "origin": null,
    "ageRestriction": false,
    "isWine": false,
    "rating": {
      "avgRating": 2,
      "votes": 2
    },
    "productPlacement": false,
    "_score": 239.55453,
    "subtitle": null,
    "externalUrl": null,
    "soldBy": null,
    "showSoldBy": false,
    "disclaimer": null,
    "pharmacyInformation": null,
    "siteRestrictions": {
      "openOrder": {
        "add": "Allowed",
        "edit": "Allowed",
        "remove": "Allowed"
      }
    },
    "shops": [
      {
        "id": "1",
        "name": "mathem"
      }
    ]
  },
  {
    "id": "12261",
    "name": "Päron- och äpplepuré 5M",
    "fullName": "Päron- och äpplepuré 5M 190g Semper",
    "gtin": "7312170095124",
    "url": "/varor/barnmat-5-6-man/paronpure-5m-190g-semper",
    "images": {
      "SMALL": "//static.mathem.se/shared/images/products/small/07312170095124_g1c1.jpg",
      "MEDIUM": "//static.mathem.se/shared/images/products/medium/07312170095124_g1c1.jpg",
      "LARGE": "//static.mathem.se/shared/images/products/large/07312170095124_g1c1.jpg",
      "ORIGINAL": "//static.mathem.se/shared/images/products/original/07312170095124_g1c1.jpg"
    },
    "defaultQuantity": 0,
    "price": 12.95,
    "recyleFee": 0,
    "quantity": 190,
    "unit": "g",
    "approximateQuantity": false,
    "comparisonPrice": 68.16,
    "comparisonUnit": "kg",
    "amountInPackage": 1,
    "deliverableWeekdays": [],
    "discount": {
      "discountType": "MULTI_DISCOUNT",
      "campaignType": "MULTI_PRICE",
      "id": 1557012,
      "quantityToBeBought": 2,
      "discountCountLimit": 0,
      "discountUsageLimitOnAllOrders": 0,
      "discountMessage": null,
      "discountText": null,
      "displayPrice": 20,
      "price": 20,
      "unitPrice": 10,
      "comparisonPrice": 52.63,
      "savings": 2.95,
      "percentageSavings": 22,
      "allowedMemberTypes": null
    },
    "department": {
      "id": 10,
      "name": "Barnmat och tillbehör",
      "url": "barnmat-o-tillbehor",
      "atHome": false
    },
    "category": {
      "name": "Övrigt"
    },
    "categoryAncestry": [
      {
        "id": 248,
        "name": "Barnmat 6 mån",
        "url": "barnmat-5-6-man"
      },
      {
        "id": 2806,
        "name": "Barnmat",
        "url": "barnmat"
      },
      {
        "id": 10,
        "name": "Barnmat och tillbehör",
        "url": "barnmat-o-tillbehor"
      }
    ],
    "brand": {
      "id": 2574,
      "name": "Semper",
      "url": "semper"
    },
    "supplier": {
      "id": 7884,
      "name": "Semper AB",
      "url": "semper-ab"
    },
    "badges": [],
    "preferences": {
      "dietary": [],
      "labels": []
    },
    "availability": "AVAILABLE",
    "subscriptionProduct": false,
    "origin": null,
    "ageRestriction": false,
    "isWine": false,
    "rating": {
      "avgRating": 3,
      "votes": 3
    },
    "productPlacement": false,
    "_score": 235.55453,
    "subtitle": null,
    "externalUrl": null,
    "soldBy": null,
    "showSoldBy": false,
    "disclaimer": null,
    "pharmacyInformation": null,
    "siteRestrictions": {
      "openOrder": {
        "add": "Allowed",
        "edit": "Allowed",
        "remove": "Allowed"
      }
    },
    "shops": [
      {
        "id": "1",
        "name": "mathem"
      }
    ]
  },
  {
    "id": "173942",
    "name": "Klämpåse Smoothie Äpple, Mango & Persika EKO",
    "fullName": "Klämpåse Smoothie Äpple, Mango & Persika EKO 100g Favorit",
    "gtin": "7331746291555",
    "url": "/varor/barnsmoothies/klampase-smoothie-apple--mango-o-persika-eko-100g-favorit",
    "images": {
      "SMALL": "//static.mathem.se/shared/images/products/small/-apple--mango-o-persika-eko-100g-favorit-2.jpg",
      "MEDIUM": "//static.mathem.se/shared/images/products/medium/-apple--mango-o-persika-eko-100g-favorit-2.jpg",
      "LARGE": "//static.mathem.se/shared/images/products/large/-apple--mango-o-persika-eko-100g-favorit-2.jpg",
      "ORIGINAL": "//static.mathem.se/shared/images/products/original/-apple--mango-o-persika-eko-100g-favorit-2.jpg"
    },
    "defaultQuantity": 0,
    "price": 11.95,
    "recyleFee": 0,
    "quantity": 100,
    "unit": "g",
    "approximateQuantity": false,
    "comparisonPrice": 119.5,
    "comparisonUnit": "kg",
    "amountInPackage": 1,
    "deliverableWeekdays": [],
    "discount": null,
    "department": {
      "id": 10,
      "name": "Barnmat och tillbehör",
      "url": "barnmat-o-tillbehor",
      "atHome": false
    },
    "category": {
      "name": "Övrigt"
    },
    "categoryAncestry": [
      {
        "id": 4676,
        "name": "Barnsmoothies",
        "url": "barnmellanmal"
      },
      {
        "id": 2806,
        "name": "Barnmat",
        "url": "barnmat"
      },
      {
        "id": 10,
        "name": "Barnmat och tillbehör",
        "url": "barnmat-o-tillbehor"
      }
    ],
    "brand": {
      "id": 2376,
      "name": "Favorit",
      "url": "favorit"
    },
    "supplier": {
      "id": 13435,
      "name": "Bergendahls EMV",
      "url": "bergendahls-emv"
    },
    "badges": [
      {
        "id": 2167,
        "name": "Ekologisk",
        "imageUrl": "ekoIcon.png",
        "toolTip": "Ekologisk"
      }
    ],
    "preferences": {
      "dietary": [],
      "labels": [
        {
          "name": "Ekologisk"
        }
      ]
    },
    "availability": "AVAILABLE",
    "subscriptionProduct": false,
    "origin": null,
    "ageRestriction": false,
    "isWine": false,
    "rating": {
      "avgRating": 5,
      "votes": 1
    },
    "productPlacement": false,
    "_score": 231.55453,
    "subtitle": null,
    "externalUrl": null,
    "soldBy": "mathem",
    "showSoldBy": false,
    "disclaimer": null,
    "pharmacyInformation": null,
    "siteRestrictions": {
      "openOrder": {
        "add": "Allowed",
        "edit": "Allowed",
        "remove": "Allowed"
      }
    },
    "shops": [
      {
        "id": "1",
        "name": "mathem"
      }
    ]
  },
  {
    "id": "85438",
    "name": "Pasta/Köttfärssås EKO/KRAV 8M",
    "fullName": "Pasta/Köttfärssås EKO/KRAV 8M 190g Semper",
    "gtin": "7310100955623",
    "url": "/varor/barnmat-8-man/pastakottfarssas-ekokrav-8m-190g-semper",
    "images": {
      "SMALL": "//static.mathem.se/shared/images/products/small/07310100955623_g1c1.jpg",
      "MEDIUM": "//static.mathem.se/shared/images/products/medium/07310100955623_g1c1.jpg",
      "LARGE": "//static.mathem.se/shared/images/products/large/07310100955623_g1c1.jpg",
      "ORIGINAL": "//static.mathem.se/shared/images/products/original/07310100955623_g1c1.jpg"
    },
    "defaultQuantity": 0,
    "price": 14.95,
    "recyleFee": 0,
    "quantity": 190,
    "unit": "g",
    "approximateQuantity": false,
    "comparisonPrice": 78.68,
    "comparisonUnit": "kg",
    "amountInPackage": 1,
    "deliverableWeekdays": [],
    "discount": {
      "discountType": "MULTI_DISCOUNT",
      "campaignType": "MULTI_PRICE",
      "id": 1561656,
      "quantityToBeBought": 3,
      "discountCountLimit": 0,
      "discountUsageLimitOnAllOrders": 0,
      "discountMessage": null,
      "discountText": null,
      "displayPrice": 36,
      "price": 36,
      "unitPrice": 12,
      "comparisonPrice": 63.16,
      "savings": 2.95,
      "percentageSavings": 19,
      "allowedMemberTypes": null
    },
    "department": {
      "id": 10,
      "name": "Barnmat och tillbehör",
      "url": "barnmat-o-tillbehor",
      "atHome": false
    },
    "category": {
      "name": "Övrigt"
    },
    "categoryAncestry": [
      {
        "id": 246,
        "name": "Barnmat 8 mån",
        "url": "barnmat-8-man"
      },
      {
        "id": 2806,
        "name": "Barnmat",
        "url": "barnmat"
      },
      {
        "id": 10,
        "name": "Barnmat och tillbehör",
        "url": "barnmat-o-tillbehor"
      }
    ],
    "brand": {
      "id": 2574,
      "name": "Semper",
      "url": "semper"
    },
    "supplier": {
      "id": 7884,
      "name": "Semper AB",
      "url": "semper-ab"
    },
    "badges": [
      {
        "id": 2167,
        "name": "Ekologisk",
        "imageUrl": "ekoIcon.png",
        "toolTip": "Ekologisk"
      },
      {
        "id": 2177,
        "name": "Kravmärkt",
        "imageUrl": "krav_big.png",
        "toolTip": "Kravmärkt"
      }
    ],
    "preferences": {
      "dietary": [],
      "labels": [
        {
          "name": "Ekologisk"
        },
        {
          "name": "Kravmärkt"
        }
      ]
    },
    "availability": "AVAILABLE",
    "subscriptionProduct": false,
    "origin": null,
    "ageRestriction": false,
    "isWine": false,
    "rating": {
      "avgRating": 3,
      "votes": 4
    },
    "productPlacement": false,
    "_score": 229.55453,
    "subtitle": null,
    "externalUrl": null,
    "soldBy": null,
    "showSoldBy": false,
    "disclaimer": null,
    "pharmacyInformation": null,
    "siteRestrictions": {
      "openOrder": {
        "add": "Allowed",
        "edit": "Allowed",
        "remove": "Allowed"
      }
    },
    "shops": [
      {
        "id": "1",
        "name": "mathem"
      }
    ]
  },
  {
    "id": "99109",
    "name": "Fruktstång Äpple & Hallon",
    "fullName": "Fruktstång Äpple & Hallon 100g Castus",
    "gtin": "5707653001822",
    "url": "/varor/barnmellanmal/fruktstang-hallon-5x20g-castus",
    "images": {
      "SMALL": "//static.mathem.se/shared/images/products/small/05707653000955_c1n1.jpeg.jpg",
      "MEDIUM": "//static.mathem.se/shared/images/products/medium/05707653000955_c1n1.jpeg.jpg",
      "LARGE": "//static.mathem.se/shared/images/products/large/05707653000955_c1n1.jpeg.jpg",
      "ORIGINAL": "//static.mathem.se/shared/images/products/original/05707653000955_c1n1.jpeg.jpg"
    },
    "defaultQuantity": 0,
    "price": 22.95,
    "recyleFee": 0,
    "quantity": 100,
    "unit": "g",
    "approximateQuantity": false,
    "comparisonPrice": 229.5,
    "comparisonUnit": "kg",
    "amountInPackage": 1,
    "deliverableWeekdays": [],
    "discount": null,
    "department": {
      "id": 10,
      "name": "Barnmat och tillbehör",
      "url": "barnmat-o-tillbehor",
      "atHome": false
    },
    "category": {
      "name": "Övrigt"
    },
    "categoryAncestry": [
      {
        "id": 5524,
        "name": "Barnsnacks och mellanmål",
        "url": "mellanmal-for-barn"
      },
      {
        "id": 2806,
        "name": "Barnmat",
        "url": "barnmat"
      },
      {
        "id": 10,
        "name": "Barnmat och tillbehör",
        "url": "barnmat-o-tillbehor"
      }
    ],
    "brand": {
      "id": 5532,
      "name": "Castus",
      "url": "castus"
    },
    "supplier": {
      "id": 5233,
      "name": "Ellas Kitchen",
      "url": "ellas-kitchen"
    },
    "badges": [],
    "preferences": {
      "dietary": [],
      "labels": []
    },
    "availability": "AVAILABLE",
    "subscriptionProduct": false,
    "origin": null,
    "ageRestriction": false,
    "isWine": false,
    "rating": {
      "avgRating": 4,
      "votes": 3
    },
    "productPlacement": false,
    "_score": 225.55453,
    "subtitle": null,
    "externalUrl": null,
    "soldBy": null,
    "showSoldBy": false,
    "disclaimer": null,
    "pharmacyInformation": null,
    "siteRestrictions": {
      "openOrder": {
        "add": "Allowed",
        "edit": "Allowed",
        "remove": "Allowed"
      }
    },
    "shops": [
      {
        "id": "1",
        "name": "mathem"
      }
    ]
  },
  {
    "id": "162787",
    "name": "Klämmis Fruktmums Jordgubb 6M",
    "fullName": "Klämmis Fruktmums Jordgubb 6M 110g Semper",
    "gtin": "7310100708885",
    "url": "/varor/barnsmoothies/fruktmums-jordgubb-6m-110g-semper",
    "images": {
      "SMALL": "//static.mathem.se/shared/images/products/small/klammis-fruktmums-jordgubb-6m-110g-semper.jpg",
      "MEDIUM": "//static.mathem.se/shared/images/products/medium/klammis-fruktmums-jordgubb-6m-110g-semper.jpg",
      "LARGE": "//static.mathem.se/shared/images/products/large/klammis-fruktmums-jordgubb-6m-110g-semper.jpg",
      "ORIGINAL": "//static.mathem.se/shared/images/products/original/klammis-fruktmums-jordgubb-6m-110g-semper.jpg"
    },
    "defaultQuantity": 0,
    "price": 14.95,
    "recyleFee": 0,
    "quantity": 110,
    "unit": "g",
    "approximateQuantity": false,
    "comparisonPrice": 135.91,
    "comparisonUnit": "kg",
    "amountInPackage": 1,
    "deliverableWeekdays": [],
    "discount": null,
    "department": {
      "id": 10,
      "name": "Barnmat och tillbehör",
      "url": "barnmat-o-tillbehor",
      "atHome": false
    },
    "category": {
      "name": "Övrigt"
    },
    "categoryAncestry": [
      {
        "id": 4676,
        "name": "Barnsmoothies",
        "url": "barnmellanmal"
      },
      {
        "id": 2806,
        "name": "Barnmat",
        "url": "barnmat"
      },
      {
        "id": 10,
        "name": "Barnmat och tillbehör",
        "url": "barnmat-o-tillbehor"
      }
    ],
    "brand": {
      "id": 2574,
      "name": "Semper",
      "url": "semper"
    },
    "supplier": {
      "id": 7884,
      "name": "Semper AB",
      "url": "semper-ab"
    },
    "badges": [],
    "preferences": {
      "dietary": [],
      "labels": []
    },
    "availability": "AVAILABLE",
    "subscriptionProduct": false,
    "origin": null,
    "ageRestriction": false,
    "isWine": false,
    "rating": null,
    "productPlacement": false,
    "_score": 219.55453,
    "subtitle": null,
    "externalUrl": null,
    "soldBy": null,
    "showSoldBy": false,
    "disclaimer": null,
    "pharmacyInformation": null,
    "siteRestrictions": {
      "openOrder": {
        "add": "Allowed",
        "edit": "Allowed",
        "remove": "Allowed"
      }
    },
    "shops": [
      {
        "id": "1",
        "name": "mathem"
      }
    ]
  },
  {
    "id": "161554",
    "name": "Tandkräm Caries Defense",
    "fullName": "Tandkräm Caries Defense 75ml Jordan",
    "gtin": "7046110031131",
    "url": "/varor/tandkram/tandkram-caries-defense-75ml-jordan",
    "images": {
      "SMALL": "//static.mathem.se/shared/images/products/small/tandkram-caries-defense-75ml-jordan.jpg",
      "MEDIUM": "//static.mathem.se/shared/images/products/medium/tandkram-caries-defense-75ml-jordan.jpg",
      "LARGE": "//static.mathem.se/shared/images/products/large/tandkram-caries-defense-75ml-jordan.jpg",
      "ORIGINAL": "//static.mathem.se/shared/images/products/original/tandkram-caries-defense-75ml-jordan.jpg"
    },
    "defaultQuantity": 0,
    "price": 22.95,
    "recyleFee": 0,
    "quantity": 75,
    "unit": "ml",
    "approximateQuantity": false,
    "comparisonPrice": 306,
    "comparisonUnit": "l",
    "amountInPackage": 1,
    "deliverableWeekdays": [],
    "discount": null,
    "department": {
      "id": 4856,
      "name": "Apotek, Hygien & Hälsa",
      "url": "apotek-o-halsa",
      "atHome": false
    },
    "category": {
      "name": "Skönhet & Hälsa"
    },
    "categoryAncestry": [
      {
        "id": 986,
        "name": "Tandkräm",
        "url": "tandkram"
      },
      {
        "id": 7167,
        "name": "Mun och tänder",
        "url": "mun-och-tander"
      },
      {
        "id": 4856,
        "name": "Apotek, Hygien & Hälsa",
        "url": "apotek-o-halsa"
      }
    ],
    "brand": {
      "id": 4423,
      "name": "JORDAN",
      "url": "jordan"
    },
    "supplier": {
      "id": 10911,
      "name": "Orkla Care AB",
      "url": "orkla-care-ab"
    },
    "badges": [
      {
        "id": 2209,
        "name": "Svenskt ursprung",
        "imageUrl": "svenskt.png",
        "toolTip": "Svenskt ursprung"
      }
    ],
    "preferences": {
      "dietary": [],
      "labels": [
        {
          "name": "Svenskt ursprung"
        }
      ]
    },
    "availability": "AVAILABLE",
    "subscriptionProduct": false,
    "origin": null,
    "ageRestriction": false,
    "isWine": false,
    "rating": {
      "avgRating": 3,
      "votes": 4
    },
    "productPlacement": true,
    "_score": 0,
    "subtitle": null,
    "externalUrl": null,
    "soldBy": null,
    "showSoldBy": false,
    "disclaimer": null,
    "pharmacyInformation": null,
    "siteRestrictions": {
      "openOrder": {
        "add": "Allowed",
        "edit": "Allowed",
        "remove": "Allowed"
      }
    },
    "shops": [
      {
        "id": "1",
        "name": "mathem"
      }
    ]
  },
  {
    "id": "27062",
    "name": "Tandkräm Original Fluor",
    "fullName": "Tandkräm Original Fluor 75ml Sensodyne",
    "gtin": "8710464116446",
    "url": "/varor/tandkram/tandkram-original-fluor-75ml-sensodyne",
    "images": {
      "SMALL": "//static.mathem.se/shared/images/products/small/08710464116446_g1n1.jpg",
      "MEDIUM": "//static.mathem.se/shared/images/products/medium/08710464116446_g1n1.jpg",
      "LARGE": "//static.mathem.se/shared/images/products/large/08710464116446_g1n1.jpg",
      "ORIGINAL": "//static.mathem.se/shared/images/products/original/08710464116446_g1n1.jpg"
    },
    "defaultQuantity": 0,
    "price": 35.95,
    "recyleFee": 0,
    "quantity": 75,
    "unit": "ml",
    "approximateQuantity": false,
    "comparisonPrice": 479.33,
    "comparisonUnit": "l",
    "amountInPackage": 0,
    "deliverableWeekdays": [],
    "discount": null,
    "department": {
      "id": 4856,
      "name": "Apotek, Hygien & Hälsa",
      "url": "apotek-o-halsa",
      "atHome": false
    },
    "category": {
      "name": "Skönhet & Hälsa"
    },
    "categoryAncestry": [
      {
        "id": 986,
        "name": "Tandkräm",
        "url": "tandkram"
      },
      {
        "id": 7167,
        "name": "Mun och tänder",
        "url": "mun-och-tander"
      },
      {
        "id": 4856,
        "name": "Apotek, Hygien & Hälsa",
        "url": "apotek-o-halsa"
      }
    ],
    "brand": {
      "id": 2575,
      "name": "Sensodyne",
      "url": "sensodyne"
    },
    "supplier": {
      "id": 7077,
      "name": "GSK Consumer Healthcare AB",
      "url": "gsk-consumer-healthcare-ab"
    },
    "badges": [],
    "preferences": {
      "dietary": [],
      "labels": []
    },
    "availability": "AVAILABLE",
    "subscriptionProduct": false,
    "origin": null,
    "ageRestriction": false,
    "isWine": false,
    "rating": {
      "avgRating": 3,
      "votes": 8
    },
    "productPlacement": false,
    "_score": 350.17563,
    "subtitle": null,
    "externalUrl": null,
    "soldBy": null,
    "showSoldBy": false,
    "disclaimer": null,
    "pharmacyInformation": null,
    "siteRestrictions": {
      "openOrder": {
        "add": "Allowed",
        "edit": "Allowed",
        "remove": "Allowed"
      }
    },
    "shops": [
      {
        "id": "1",
        "name": "mathem"
      }
    ]
  },
  {
    "id": "27507",
    "name": "Tandkräm Karies Kontroll",
    "fullName": "Tandkräm Karies Kontroll 125ml Colgate",
    "gtin": "8718951179769",
    "url": "/varor/tandkram/tandkram-karies-kontroll-125ml-colgate",
    "images": {
      "SMALL": "//static.mathem.se/shared/images/products/small/tandkram-karies-kontroll-125ml-colgate-1.jpg",
      "MEDIUM": "//static.mathem.se/shared/images/products/medium/tandkram-karies-kontroll-125ml-colgate-1.jpg",
      "LARGE": "//static.mathem.se/shared/images/products/large/tandkram-karies-kontroll-125ml-colgate-1.jpg",
      "ORIGINAL": "//static.mathem.se/shared/images/products/original/tandkram-karies-kontroll-125ml-colgate-1.jpg"
    },
    "defaultQuantity": 0,
    "price": 25.95,
    "recyleFee": 0,
    "quantity": 125,
    "unit": "ml",
    "approximateQuantity": false,
    "comparisonPrice": 207.6,
    "comparisonUnit": "l",
    "amountInPackage": 0,
    "deliverableWeekdays": [],
    "discount": null,
    "department": {
      "id": 4856,
      "name": "Apotek, Hygien & Hälsa",
      "url": "apotek-o-halsa",
      "atHome": false
    },
    "category": {
      "name": "Skönhet & Hälsa"
    },
    "categoryAncestry": [
      {
        "id": 986,
        "name": "Tandkräm",
        "url": "tandkram"
      },
      {
        "id": 7167,
        "name": "Mun och tänder",
        "url": "mun-och-tander"
      },
      {
        "id": 4856,
        "name": "Apotek, Hygien & Hälsa",
        "url": "apotek-o-halsa"
      }
    ],
    "brand": {
      "id": 3129,
      "name": "Colgate",
      "url": "colgate"
    },
    "supplier": {
      "id": 6789,
      "name": "Colgate-Palmolive AB",
      "url": "colgate-palmolive-ab"
    },
    "badges": [],
    "preferences": {
      "dietary": [],
      "labels": []
    },
    "availability": "AVAILABLE",
    "subscriptionProduct": false,
    "origin": null,
    "ageRestriction": false,
    "isWine": false,
    "rating": {
      "avgRating": 3,
      "votes": 6
    },
    "productPlacement": false,
    "_score": 312.17563,
    "subtitle": null,
    "externalUrl": null,
    "soldBy": null,
    "showSoldBy": false,
    "disclaimer": null,
    "pharmacyInformation": null,
    "siteRestrictions": {
      "openOrder": {
        "add": "Allowed",
        "edit": "Allowed",
        "remove": "Allowed"
      }
    },
    "shops": [
      {
        "id": "1",
        "name": "mathem"
      }
    ]
  },
  {
    "id": "17546",
    "name": "Tandkräm Super Fluor",
    "fullName": "Tandkräm Super Fluor 125ml Pepsodent",
    "gtin": "7311570641047",
    "url": "/varor/tandkram/tandkram-super-fluor-125ml-pepsodent",
    "images": {
      "SMALL": "//static.mathem.se/shared/images/products/small/07311570641047_c1n1.jpg",
      "MEDIUM": "//static.mathem.se/shared/images/products/medium/07311570641047_c1n1.jpg",
      "LARGE": "//static.mathem.se/shared/images/products/large/07311570641047_c1n1.jpg",
      "ORIGINAL": "//static.mathem.se/shared/images/products/original/07311570641047_c1n1.jpg"
    },
    "defaultQuantity": 0,
    "price": 23.95,
    "recyleFee": 0,
    "quantity": 125,
    "unit": "ml",
    "approximateQuantity": false,
    "comparisonPrice": 191.6,
    "comparisonUnit": "l",
    "amountInPackage": 0,
    "deliverableWeekdays": [],
    "discount": null,
    "department": {
      "id": 4856,
      "name": "Apotek, Hygien & Hälsa",
      "url": "apotek-o-halsa",
      "atHome": false
    },
    "category": {
      "name": "Skönhet & Hälsa"
    },
    "categoryAncestry": [
      {
        "id": 986,
        "name": "Tandkräm",
        "url": "tandkram"
      },
      {
        "id": 7167,
        "name": "Mun och tänder",
        "url": "mun-och-tander"
      },
      {
        "id": 4856,
        "name": "Apotek, Hygien & Hälsa",
        "url": "apotek-o-halsa"
      }
    ],
    "brand": {
      "id": 5111,
      "name": "Pepsodent",
      "url": "pepsodent"
    },
    "supplier": {
      "id": 8076,
      "name": "Unilever Sverige AB",
      "url": "unilever-sverige-ab"
    },
    "badges": [],
    "preferences": {
      "dietary": [],
      "labels": []
    },
    "availability": "AVAILABLE",
    "subscriptionProduct": false,
    "origin": null,
    "ageRestriction": false,
    "isWine": false,
    "rating": {
      "avgRating": 3,
      "votes": 4
    },
    "productPlacement": false,
    "_score": 294.17563,
    "subtitle": null,
    "externalUrl": null,
    "soldBy": null,
    "showSoldBy": false,
    "disclaimer": null,
    "pharmacyInformation": null,
    "siteRestrictions": {
      "openOrder": {
        "add": "Allowed",
        "edit": "Allowed",
        "remove": "Allowed"
      }
    },
    "shops": [
      {
        "id": "1",
        "name": "mathem"
      }
    ]
  },
  {
    "id": "161425",
    "name": "Tandkräm Total Original",
    "fullName": "Tandkräm Total Original 75ml Colgate",
    "gtin": "8714789615301",
    "url": "/varor/tandkram/tandkram-total-original-75ml-colgate",
    "images": {
      "SMALL": "//static.mathem.se/shared/images/products/small/tandkram-total-original-75ml-colgate.jpg",
      "MEDIUM": "//static.mathem.se/shared/images/products/medium/tandkram-total-original-75ml-colgate.jpg",
      "LARGE": "//static.mathem.se/shared/images/products/large/tandkram-total-original-75ml-colgate.jpg",
      "ORIGINAL": "//static.mathem.se/shared/images/products/original/tandkram-total-original-75ml-colgate.jpg"
    },
    "defaultQuantity": 0,
    "price": 31.95,
    "recyleFee": 0,
    "quantity": 75,
    "unit": "ml",
    "approximateQuantity": false,
    "comparisonPrice": 426,
    "comparisonUnit": "l",
    "amountInPackage": 1,
    "deliverableWeekdays": [],
    "discount": {
      "discountType": "PRODUCT_DISCOUNT",
      "campaignType": "WEEKLY",
      "id": 1687493,
      "quantityToBeBought": 1,
      "discountCountLimit": 0,
      "discountUsageLimitOnAllOrders": 0,
      "discountMessage": null,
      "discountText": null,
      "displayPrice": 25,
      "price": 25,
      "unitPrice": 25,
      "comparisonPrice": 333.33,
      "savings": 6.95,
      "percentageSavings": 21,
      "allowedMemberTypes": null
    },
    "department": {
      "id": 4856,
      "name": "Apotek, Hygien & Hälsa",
      "url": "apotek-o-halsa",
      "atHome": false
    },
    "category": {
      "name": "Skönhet & Hälsa"
    },
    "categoryAncestry": [
      {
        "id": 986,
        "name": "Tandkräm",
        "url": "tandkram"
      },
      {
        "id": 7167,
        "name": "Mun och tänder",
        "url": "mun-och-tander"
      },
      {
        "id": 4856,
        "name": "Apotek, Hygien & Hälsa",
        "url": "apotek-o-halsa"
      }
    ],
    "brand": {
      "id": 3129,
      "name": "Colgate",
      "url": "colgate"
    },
    "supplier": {
      "id": 6789,
      "name": "Colgate-Palmolive AB",
      "url": "colgate-palmolive-ab"
    },
    "badges": [],
    "preferences": {
      "dietary": [],
      "labels": []
    },
    "availability": "AVAILABLE",
    "subscriptionProduct": false,
    "origin": null,
    "ageRestriction": false,
    "isWine": false,
    "rating": {
      "avgRating": 3,
      "votes": 1
    },
    "productPlacement": false,
    "_score": 284.17563,
    "subtitle": null,
    "externalUrl": null,
    "soldBy": null,
    "showSoldBy": false,
    "disclaimer": null,
    "pharmacyInformation": null,
    "siteRestrictions": {
      "openOrder": {
        "add": "Allowed",
        "edit": "Allowed",
        "remove": "Allowed"
      }
    },
    "shops": [
      {
        "id": "1",
        "name": "mathem"
      }
    ]
  },
  {
    "id": "41051",
    "name": "Tandkräm Maxfresh",
    "fullName": "Tandkräm Maxfresh 125ml Colgate",
    "gtin": "8718951313736",
    "url": "/varor/tandkram/tandkram-maxfresh-125ml-colgate",
    "images": {
      "SMALL": "//static.mathem.se/shared/images/products/small/tandkram-maxfresh-125ml-colgate-1.jpg",
      "MEDIUM": "//static.mathem.se/shared/images/products/medium/tandkram-maxfresh-125ml-colgate-1.jpg",
      "LARGE": "//static.mathem.se/shared/images/products/large/tandkram-maxfresh-125ml-colgate-1.jpg",
      "ORIGINAL": "//static.mathem.se/shared/images/products/original/tandkram-maxfresh-125ml-colgate-1.jpg"
    },
    "defaultQuantity": 0,
    "price": 25.95,
    "recyleFee": 0,
    "quantity": 125,
    "unit": "ml",
    "approximateQuantity": false,
    "comparisonPrice": 207.6,
    "comparisonUnit": "l",
    "amountInPackage": 1,
    "deliverableWeekdays": [],
    "discount": null,
    "department": {
      "id": 4856,
      "name": "Apotek, Hygien & Hälsa",
      "url": "apotek-o-halsa",
      "atHome": false
    },
    "category": {
      "name": "Skönhet & Hälsa"
    },
    "categoryAncestry": [
      {
        "id": 986,
        "name": "Tandkräm",
        "url": "tandkram"
      },
      {
        "id": 7167,
        "name": "Mun och tänder",
        "url": "mun-och-tander"
      },
      {
        "id": 4856,
        "name": "Apotek, Hygien & Hälsa",
        "url": "apotek-o-halsa"
      }
    ],
    "brand": {
      "id": 3129,
      "name": "Colgate",
      "url": "colgate"
    },
    "supplier": {
      "id": 6789,
      "name": "Colgate-Palmolive AB",
      "url": "colgate-palmolive-ab"
    },
    "badges": [],
    "preferences": {
      "dietary": [],
      "labels": []
    },
    "availability": "AVAILABLE",
    "subscriptionProduct": false,
    "origin": null,
    "ageRestriction": false,
    "isWine": false,
    "rating": {
      "avgRating": 2,
      "votes": 3
    },
    "productPlacement": false,
    "_score": 278.17563,
    "subtitle": null,
    "externalUrl": null,
    "soldBy": null,
    "showSoldBy": false,
    "disclaimer": null,
    "pharmacyInformation": null,
    "siteRestrictions": {
      "openOrder": {
        "add": "Allowed",
        "edit": "Allowed",
        "remove": "Allowed"
      }
    },
    "shops": [
      {
        "id": "1",
        "name": "mathem"
      }
    ]
  },
  {
    "id": "129253",
    "name": "Tandkräm Classic",
    "fullName": "Tandkräm Classic 75ml Zendium",
    "gtin": "8710908843044",
    "url": "/varor/tandkram/tandkram-classic-75ml-zendium-129253",
    "images": {
      "SMALL": "//static.mathem.se/shared/images/products/small/08710908843044_c1n1.jpg",
      "MEDIUM": "//static.mathem.se/shared/images/products/medium/08710908843044_c1n1.jpg",
      "LARGE": "//static.mathem.se/shared/images/products/large/08710908843044_c1n1.jpg",
      "ORIGINAL": "//static.mathem.se/shared/images/products/original/08710908843044_c1n1.jpg"
    },
    "defaultQuantity": 0,
    "price": 25.95,
    "recyleFee": 0,
    "quantity": 75,
    "unit": "ml",
    "approximateQuantity": false,
    "comparisonPrice": 346,
    "comparisonUnit": "l",
    "amountInPackage": 1,
    "deliverableWeekdays": [],
    "discount": null,
    "department": {
      "id": 4856,
      "name": "Apotek, Hygien & Hälsa",
      "url": "apotek-o-halsa",
      "atHome": false
    },
    "category": {
      "name": "Skönhet & Hälsa"
    },
    "categoryAncestry": [
      {
        "id": 986,
        "name": "Tandkräm",
        "url": "tandkram"
      },
      {
        "id": 7167,
        "name": "Mun och tänder",
        "url": "mun-och-tander"
      },
      {
        "id": 4856,
        "name": "Apotek, Hygien & Hälsa",
        "url": "apotek-o-halsa"
      }
    ],
    "brand": {
      "id": 2637,
      "name": "Zendium",
      "url": "zendium"
    },
    "supplier": {
      "id": 8076,
      "name": "Unilever Sverige AB",
      "url": "unilever-sverige-ab"
    },
    "badges": [],
    "preferences": {
      "dietary": [],
      "labels": []
    },
    "availability": "AVAILABLE",
    "subscriptionProduct": false,
    "origin": null,
    "ageRestriction": false,
    "isWine": false,
    "rating": {
      "avgRating": 3,
      "votes": 5
    },
    "productPlacement": false,
    "_score": 276.17563,
    "subtitle": null,
    "externalUrl": null,
    "soldBy": null,
    "showSoldBy": false,
    "disclaimer": null,
    "pharmacyInformation": null,
    "siteRestrictions": {
      "openOrder": {
        "add": "Allowed",
        "edit": "Allowed",
        "remove": "Allowed"
      }
    },
    "shops": [
      {
        "id": "1",
        "name": "mathem"
      }
    ]
  },
  {
    "id": "27513",
    "name": "Tandkräm Sensation White",
    "fullName": "Tandkräm Sensation White 125ml Colgate",
    "gtin": "8718951314474",
    "url": "/varor/tandkram/tandkram-sensation-white-125ml-colgate",
    "images": {
      "SMALL": "//static.mathem.se/shared/images/products/small/tandkram-sensation-white-125ml-colgate.jpg",
      "MEDIUM": "//static.mathem.se/shared/images/products/medium/tandkram-sensation-white-125ml-colgate.jpg",
      "LARGE": "//static.mathem.se/shared/images/products/large/tandkram-sensation-white-125ml-colgate.jpg",
      "ORIGINAL": "//static.mathem.se/shared/images/products/original/tandkram-sensation-white-125ml-colgate.jpg"
    },
    "defaultQuantity": 0,
    "price": 25.95,
    "recyleFee": 0,
    "quantity": 125,
    "unit": "ml",
    "approximateQuantity": false,
    "comparisonPrice": 207.6,
    "comparisonUnit": "l",
    "amountInPackage": 0,
    "deliverableWeekdays": [],
    "discount": null,
    "department": {
      "id": 4856,
      "name": "Apotek, Hygien & Hälsa",
      "url": "apotek-o-halsa",
      "atHome": false
    },
    "category": {
      "name": "Skönhet & Hälsa"
    },
    "categoryAncestry": [
      {
        "id": 986,
        "name": "Tandkräm",
        "url": "tandkram"
      },
      {
        "id": 7167,
        "name": "Mun och tänder",
        "url": "mun-och-tander"
      },
      {
        "id": 4856,
        "name": "Apotek, Hygien & Hälsa",
        "url": "apotek-o-halsa"
      }
    ],
    "brand": {
      "id": 3129,
      "name": "Colgate",
      "url": "colgate"
    },
    "supplier": {
      "id": 6789,
      "name": "Colgate-Palmolive AB",
      "url": "colgate-palmolive-ab"
    },
    "badges": [],
    "preferences": {
      "dietary": [],
      "labels": []
    },
    "availability": "AVAILABLE",
    "subscriptionProduct": false,
    "origin": null,
    "ageRestriction": false,
    "isWine": false,
    "rating": {
      "avgRating": 3,
      "votes": 5
    },
    "productPlacement": false,
    "_score": 266.17563,
    "subtitle": null,
    "externalUrl": null,
    "soldBy": null,
    "showSoldBy": false,
    "disclaimer": null,
    "pharmacyInformation": null,
    "siteRestrictions": {
      "openOrder": {
        "add": "Allowed",
        "edit": "Allowed",
        "remove": "Allowed"
      }
    },
    "shops": [
      {
        "id": "1",
        "name": "mathem"
      }
    ]
  },
  {
    "id": "142984",
    "name": "Munskölj Soft Mint",
    "fullName": "Munskölj Soft Mint 500ml Flux",
    "gtin": "5708657221346",
    "url": "/varor/munskolj/munskolj-soft-mint-500ml-flux",
    "images": {
      "SMALL": "//static.mathem.se/shared/images/products/small/05708657221346_c1c1.jpg",
      "MEDIUM": "//static.mathem.se/shared/images/products/medium/05708657221346_c1c1.jpg",
      "LARGE": "//static.mathem.se/shared/images/products/large/05708657221346_c1c1.jpg",
      "ORIGINAL": "//static.mathem.se/shared/images/products/original/05708657221346_c1c1.jpg"
    },
    "defaultQuantity": 0,
    "price": 71.95,
    "recyleFee": 0,
    "quantity": 500,
    "unit": "ml",
    "approximateQuantity": false,
    "comparisonPrice": 143.9,
    "comparisonUnit": "l",
    "amountInPackage": 1,
    "deliverableWeekdays": [],
    "discount": null,
    "department": {
      "id": 4856,
      "name": "Apotek, Hygien & Hälsa",
      "url": "apotek-o-halsa",
      "atHome": false
    },
    "category": {
      "name": "Skönhet & Hälsa"
    },
    "categoryAncestry": [
      {
        "id": 1142,
        "name": "Munskölj och dålig andedräkt",
        "url": "munskolj"
      },
      {
        "id": 7167,
        "name": "Mun och tänder",
        "url": "mun-och-tander"
      },
      {
        "id": 4856,
        "name": "Apotek, Hygien & Hälsa",
        "url": "apotek-o-halsa"
      }
    ],
    "brand": {
      "id": 13009,
      "name": "Flux",
      "url": "flux"
    },
    "supplier": {
      "id": 16599,
      "name": "Trimb Healthcare AB",
      "url": "trimb-healthcare-ab"
    },
    "badges": [],
    "preferences": {
      "dietary": [],
      "labels": []
    },
    "availability": "AVAILABLE",
    "subscriptionProduct": false,
    "origin": null,
    "ageRestriction": false,
    "isWine": false,
    "rating": {
      "avgRating": 3,
      "votes": 11
    },
    "productPlacement": false,
    "_score": 260.17563,
    "subtitle": null,
    "externalUrl": null,
    "soldBy": null,
    "showSoldBy": false,
    "disclaimer": null,
    "pharmacyInformation": null,
    "siteRestrictions": {
      "openOrder": {
        "add": "Allowed",
        "edit": "Allowed",
        "remove": "Allowed"
      }
    },
    "shops": [
      {
        "id": "1",
        "name": "mathem"
      }
    ]
  },
  {
    "id": "83828",
    "name": "Tandkräm Gentle White",
    "fullName": "Tandkräm Gentle White 75ml Sensodyne",
    "gtin": "5054563039989",
    "url": "/varor/tandkram/tandkram-gentle-white-75ml-sensodyne",
    "images": {
      "SMALL": "//static.mathem.se/shared/images/products/small/05054563039989_c1n1.jpg",
      "MEDIUM": "//static.mathem.se/shared/images/products/medium/05054563039989_c1n1.jpg",
      "LARGE": "//static.mathem.se/shared/images/products/large/05054563039989_c1n1.jpg",
      "ORIGINAL": "//static.mathem.se/shared/images/products/original/05054563039989_c1n1.jpg"
    },
    "defaultQuantity": 0,
    "price": 35.95,
    "recyleFee": 0,
    "quantity": 75,
    "unit": "ml",
    "approximateQuantity": false,
    "comparisonPrice": 479.33,
    "comparisonUnit": "l",
    "amountInPackage": 1,
    "deliverableWeekdays": [],
    "discount": null,
    "department": {
      "id": 4856,
      "name": "Apotek, Hygien & Hälsa",
      "url": "apotek-o-halsa",
      "atHome": false
    },
    "category": {
      "name": "Skönhet & Hälsa"
    },
    "categoryAncestry": [
      {
        "id": 986,
        "name": "Tandkräm",
        "url": "tandkram"
      },
      {
        "id": 7167,
        "name": "Mun och tänder",
        "url": "mun-och-tander"
      },
      {
        "id": 4856,
        "name": "Apotek, Hygien & Hälsa",
        "url": "apotek-o-halsa"
      }
    ],
    "brand": {
      "id": 2575,
      "name": "Sensodyne",
      "url": "sensodyne"
    },
    "supplier": {
      "id": 7077,
      "name": "GSK Consumer Healthcare AB",
      "url": "gsk-consumer-healthcare-ab"
    },
    "badges": [],
    "preferences": {
      "dietary": [],
      "labels": []
    },
    "availability": "AVAILABLE",
    "subscriptionProduct": false,
    "origin": null,
    "ageRestriction": false,
    "isWine": false,
    "rating": {
      "avgRating": 4,
      "votes": 7
    },
    "productPlacement": false,
    "_score": 252.17561,
    "subtitle": null,
    "externalUrl": null,
    "soldBy": null,
    "showSoldBy": false,
    "disclaimer": null,
    "pharmacyInformation": null,
    "siteRestrictions": {
      "openOrder": {
        "add": "Allowed",
        "edit": "Allowed",
        "remove": "Allowed"
      }
    },
    "shops": [
      {
        "id": "1",
        "name": "mathem"
      }
    ]
  },
  {
    "id": "66273",
    "name": "Basilika Kruka EKO Klass1",
    "fullName": "Basilika Kruka EKO Klass1",
    "gtin": "7313307801564",
    "url": "/varor/basilika---farsk/basilika-kruka-eko-klass1",
    "images": {
      "SMALL": "//static.mathem.se/shared/images/products/small/basilika-kruka-eko-klass1-2.jpg",
      "MEDIUM": "//static.mathem.se/shared/images/products/medium/basilika-kruka-eko-klass1-2.jpg",
      "LARGE": "//static.mathem.se/shared/images/products/large/basilika-kruka-eko-klass1-2.jpg",
      "ORIGINAL": "//static.mathem.se/shared/images/products/original/basilika-kruka-eko-klass1-2.jpg"
    },
    "defaultQuantity": 0,
    "price": 26.95,
    "recyleFee": 0,
    "quantity": 1,
    "unit": "st",
    "approximateQuantity": false,
    "comparisonPrice": 26.95,
    "comparisonUnit": "st",
    "amountInPackage": 0,
    "deliverableWeekdays": [],
    "discount": {
      "discountType": "MIX_MATCH",
      "campaignType": "WEEKLY",
      "id": 1651908,
      "quantityToBeBought": 2,
      "discountCountLimit": 0,
      "discountUsageLimitOnAllOrders": 0,
      "discountMessage": null,
      "discountText": null,
      "displayPrice": 45,
      "price": 45,
      "unitPrice": 22.5,
      "comparisonPrice": 22.5,
      "savings": 4.45,
      "percentageSavings": 16,
      "allowedMemberTypes": null
    },
    "department": {
      "id": 4,
      "name": "Kryddor & Smaksättare",
      "url": "smaksattare",
      "atHome": true
    },
    "category": {
      "name": "Övrigt"
    },
    "categoryAncestry": [
      {
        "id": 2646,
        "name": "Basilika - färsk",
        "url": "basilika---farsk"
      },
      {
        "id": 4823,
        "name": "Basilika",
        "url": "basilika"
      },
      {
        "id": 3829,
        "name": "Kryddor & Örter",
        "url": "kryddor"
      },
      {
        "id": 4,
        "name": "Kryddor & Smaksättare",
        "url": "smaksattare"
      }
    ],
    "brand": {
      "id": 16850,
      "name": "Orto Novo AB",
      "url": "orto-novo-ab"
    },
    "supplier": {
      "id": 16850,
      "name": "Orto Novo AB",
      "url": "orto-novo-ab"
    },
    "badges": [
      {
        "id": 2167,
        "name": "Ekologisk",
        "imageUrl": "ekoIcon.png",
        "toolTip": "Ekologisk"
      },
      {
        "id": 2209,
        "name": "Svenskt ursprung",
        "imageUrl": "svenskt.png",
        "toolTip": "Svenskt ursprung"
      }
    ],
    "preferences": {
      "dietary": [],
      "labels": [
        {
          "name": "Ekologisk"
        },
        {
          "name": "Svenskt ursprung"
        }
      ]
    },
    "availability": "AVAILABLE",
    "subscriptionProduct": false,
    "origin": {
      "id": 73,
      "name": "Sverige",
      "icon": "Sverige.gif"
    },
    "ageRestriction": false,
    "isWine": false,
    "rating": {
      "avgRating": 3,
      "votes": 27
    },
    "productPlacement": false,
    "_score": 389.21298,
    "subtitle": null,
    "externalUrl": null,
    "soldBy": "mathem",
    "showSoldBy": false,
    "disclaimer": null,
    "pharmacyInformation": null,
    "siteRestrictions": {
      "openOrder": {
        "add": "Allowed",
        "edit": "Allowed",
        "remove": "Allowed"
      }
    },
    "shops": [
      {
        "id": "1",
        "name": "mathem"
      }
    ]
  },
  {
    "id": "18741",
    "name": "Koriander Kruka EKO Klass1",
    "fullName": "Koriander Kruka EKO Klass1",
    "gtin": "7313300000940",
    "url": "/varor/koriander---farsk/koriander-kruka-eko-klass1",
    "images": {
      "SMALL": "//static.mathem.se/shared/images/products/small/07313300000940_c1n1.jpg",
      "MEDIUM": "//static.mathem.se/shared/images/products/medium/07313300000940_c1n1.jpg",
      "LARGE": "//static.mathem.se/shared/images/products/large/07313300000940_c1n1.jpg",
      "ORIGINAL": "//static.mathem.se/shared/images/products/original/07313300000940_c1n1.jpg"
    },
    "defaultQuantity": 0,
    "price": 26.95,
    "recyleFee": 0,
    "quantity": 1,
    "unit": "st",
    "approximateQuantity": false,
    "comparisonPrice": 26.95,
    "comparisonUnit": "st",
    "amountInPackage": 1,
    "deliverableWeekdays": [],
    "discount": {
      "discountType": "MIX_MATCH",
      "campaignType": "WEEKLY",
      "id": 1651908,
      "quantityToBeBought": 2,
      "discountCountLimit": 0,
      "discountUsageLimitOnAllOrders": 0,
      "discountMessage": null,
      "discountText": null,
      "displayPrice": 45,
      "price": 45,
      "unitPrice": 22.5,
      "comparisonPrice": 22.5,
      "savings": 4.45,
      "percentageSavings": 16,
      "allowedMemberTypes": null
    },
    "department": {
      "id": 4,
      "name": "Kryddor & Smaksättare",
      "url": "smaksattare",
      "atHome": true
    },
    "category": {
      "name": "Övrigt"
    },
    "categoryAncestry": [
      {
        "id": 2693,
        "name": "Koriander - färsk",
        "url": "koriander---farsk"
      },
      {
        "id": 1853,
        "name": "Koriander",
        "url": "koriander"
      },
      {
        "id": 3829,
        "name": "Kryddor & Örter",
        "url": "kryddor"
      },
      {
        "id": 4,
        "name": "Kryddor & Smaksättare",
        "url": "smaksattare"
      }
    ],
    "brand": {
      "id": 16850,
      "name": "Orto Novo AB",
      "url": "orto-novo-ab"
    },
    "supplier": {
      "id": 16850,
      "name": "Orto Novo AB",
      "url": "orto-novo-ab"
    },
    "badges": [
      {
        "id": 2167,
        "name": "Ekologisk",
        "imageUrl": "ekoIcon.png",
        "toolTip": "Ekologisk"
      },
      {
        "id": 2209,
        "name": "Svenskt ursprung",
        "imageUrl": "svenskt.png",
        "toolTip": "Svenskt ursprung"
      }
    ],
    "preferences": {
      "dietary": [],
      "labels": [
        {
          "name": "Ekologisk"
        },
        {
          "name": "Svenskt ursprung"
        }
      ]
    },
    "availability": "AVAILABLE",
    "subscriptionProduct": false,
    "origin": {
      "id": 73,
      "name": "Sverige",
      "icon": "Sverige.gif"
    },
    "ageRestriction": false,
    "isWine": false,
    "rating": {
      "avgRating": 3,
      "votes": 21
    },
    "productPlacement": false,
    "_score": 367.21298,
    "subtitle": null,
    "externalUrl": null,
    "soldBy": "mathem",
    "showSoldBy": false,
    "disclaimer": null,
    "pharmacyInformation": null,
    "siteRestrictions": {
      "openOrder": {
        "add": "Allowed",
        "edit": "Allowed",
        "remove": "Allowed"
      }
    },
    "shops": [
      {
        "id": "1",
        "name": "mathem"
      }
    ]
  },
  {
    "id": "130747",
    "name": "Persilja Knippe",
    "fullName": "Persilja Knippe 100g Klass1",
    "gtin": "9220",
    "url": "/varor/persilja---farsk/persilja-knippe-100g-klass1",
    "images": {
      "SMALL": "//static.mathem.se/shared/images/products/small/persilja-knippe-100g-klass1-1.jpg",
      "MEDIUM": "//static.mathem.se/shared/images/products/medium/persilja-knippe-100g-klass1-1.jpg",
      "LARGE": "//static.mathem.se/shared/images/products/large/persilja-knippe-100g-klass1-1.jpg",
      "ORIGINAL": "//static.mathem.se/shared/images/products/original/persilja-knippe-100g-klass1-1.jpg"
    },
    "defaultQuantity": 0,
    "price": 24.95,
    "recyleFee": 0,
    "quantity": 100,
    "unit": "g",
    "approximateQuantity": false,
    "comparisonPrice": 249.5,
    "comparisonUnit": "kg",
    "amountInPackage": 0,
    "deliverableWeekdays": [],
    "discount": {
      "discountType": "MIX_MATCH",
      "campaignType": "MULTI_PRICE",
      "id": 1675905,
      "quantityToBeBought": 2,
      "discountCountLimit": 0,
      "discountUsageLimitOnAllOrders": 0,
      "discountMessage": null,
      "discountText": null,
      "displayPrice": 40,
      "price": 40,
      "unitPrice": 20,
      "comparisonPrice": 200,
      "savings": 4.95,
      "percentageSavings": 19,
      "allowedMemberTypes": null
    },
    "department": {
      "id": 4,
      "name": "Kryddor & Smaksättare",
      "url": "smaksattare",
      "atHome": true
    },
    "category": {
      "name": "Övrigt"
    },
    "categoryAncestry": [
      {
        "id": 2643,
        "name": "Persilja - färsk",
        "url": "persilja---farsk"
      },
      {
        "id": 636,
        "name": "Persilja",
        "url": "persilja"
      },
      {
        "id": 3829,
        "name": "Kryddor & Örter",
        "url": "kryddor"
      },
      {
        "id": 4,
        "name": "Kryddor & Smaksättare",
        "url": "smaksattare"
      }
    ],
    "brand": {
      "id": 3505,
      "name": "Frukt & Grönt",
      "url": "frukt-o-gront"
    },
    "supplier": {
      "id": 6516,
      "name": "Allfrukt",
      "url": "allfrukt"
    },
    "badges": [
      {
        "id": 2209,
        "name": "Svenskt ursprung",
        "imageUrl": "svenskt.png",
        "toolTip": "Svenskt ursprung"
      }
    ],
    "preferences": {
      "dietary": [],
      "labels": [
        {
          "name": "Svenskt ursprung"
        }
      ]
    },
    "availability": "AVAILABLE",
    "subscriptionProduct": false,
    "origin": {
      "id": 73,
      "name": "Sverige",
      "icon": "Sverige.gif"
    },
    "ageRestriction": false,
    "isWine": false,
    "rating": {
      "avgRating": 4,
      "votes": 3
    },
    "productPlacement": false,
    "_score": 343.21298,
    "subtitle": null,
    "externalUrl": null,
    "soldBy": "mathem",
    "showSoldBy": false,
    "disclaimer": null,
    "pharmacyInformation": null,
    "siteRestrictions": {
      "openOrder": {
        "add": "Allowed",
        "edit": "Allowed",
        "remove": "Allowed"
      }
    },
    "shops": [
      {
        "id": "1",
        "name": "mathem"
      }
    ]
  },
  {
    "id": "29203",
    "name": "Ingefära",
    "fullName": "Ingefära 50g Klass1",
    "gtin": "7318690007005",
    "url": "/varor/farsk-ingefara/ingefara-50g-klass1",
    "images": {
      "SMALL": "//static.mathem.se/shared/images/products/small/ingefara-50g-klass1.jpg",
      "MEDIUM": "//static.mathem.se/shared/images/products/medium/ingefara-50g-klass1.jpg",
      "LARGE": "//static.mathem.se/shared/images/products/large/ingefara-50g-klass1.jpg",
      "ORIGINAL": "//static.mathem.se/shared/images/products/original/ingefara-50g-klass1.jpg"
    },
    "defaultQuantity": 0,
    "price": 16.95,
    "recyleFee": 0,
    "quantity": 50,
    "unit": "g",
    "approximateQuantity": false,
    "comparisonPrice": 339,
    "comparisonUnit": "kg",
    "amountInPackage": 1,
    "deliverableWeekdays": [],
    "discount": null,
    "department": {
      "id": 4,
      "name": "Kryddor & Smaksättare",
      "url": "smaksattare",
      "atHome": true
    },
    "category": {
      "name": "Övrigt"
    },
    "categoryAncestry": [
      {
        "id": 2460,
        "name": "Färsk ingefära",
        "url": "ingefara---farsk"
      },
      {
        "id": 819,
        "name": "Ingefära",
        "url": "ingefara"
      },
      {
        "id": 3829,
        "name": "Kryddor & Örter",
        "url": "kryddor"
      },
      {
        "id": 4,
        "name": "Kryddor & Smaksättare",
        "url": "smaksattare"
      }
    ],
    "brand": {
      "id": 3505,
      "name": "Frukt & Grönt",
      "url": "frukt-o-gront"
    },
    "supplier": {
      "id": 6516,
      "name": "Allfrukt",
      "url": "allfrukt"
    },
    "badges": [],
    "preferences": {
      "dietary": [],
      "labels": []
    },
    "availability": "AVAILABLE",
    "subscriptionProduct": false,
    "origin": {
      "id": 84,
      "name": "Kina",
      "icon": null
    },
    "ageRestriction": false,
    "isWine": false,
    "rating": {
      "avgRating": 3,
      "votes": 10
    },
    "productPlacement": false,
    "_score": 329.21298,
    "subtitle": null,
    "externalUrl": null,
    "soldBy": null,
    "showSoldBy": false,
    "disclaimer": null,
    "pharmacyInformation": null,
    "siteRestrictions": {
      "openOrder": {
        "add": "Allowed",
        "edit": "Allowed",
        "remove": "Allowed"
      }
    },
    "shops": [
      {
        "id": "1",
        "name": "mathem"
      }
    ]
  },
  {
    "id": "130741",
    "name": "Bladpersilja Knippe",
    "fullName": "Bladpersilja Knippe 100g Klass1",
    "gtin": "9218",
    "url": "/varor/bladpersilja---farsk/bladpersilja-knippe-100g-klass1",
    "images": {
      "SMALL": "//static.mathem.se/shared/images/products/small/bladpersilja-knippe-100g-klass1-1.jpg",
      "MEDIUM": "//static.mathem.se/shared/images/products/medium/bladpersilja-knippe-100g-klass1-1.jpg",
      "LARGE": "//static.mathem.se/shared/images/products/large/bladpersilja-knippe-100g-klass1-1.jpg",
      "ORIGINAL": "//static.mathem.se/shared/images/products/original/bladpersilja-knippe-100g-klass1-1.jpg"
    },
    "defaultQuantity": 0,
    "price": 24.95,
    "recyleFee": 0,
    "quantity": 100,
    "unit": "g",
    "approximateQuantity": false,
    "comparisonPrice": 249.5,
    "comparisonUnit": "kg",
    "amountInPackage": 0,
    "deliverableWeekdays": [],
    "discount": {
      "discountType": "MIX_MATCH",
      "campaignType": "MULTI_PRICE",
      "id": 1675905,
      "quantityToBeBought": 2,
      "discountCountLimit": 0,
      "discountUsageLimitOnAllOrders": 0,
      "discountMessage": null,
      "discountText": null,
      "displayPrice": 40,
      "price": 40,
      "unitPrice": 20,
      "comparisonPrice": 200,
      "savings": 4.95,
      "percentageSavings": 19,
      "allowedMemberTypes": null
    },
    "department": {
      "id": 4,
      "name": "Kryddor & Smaksättare",
      "url": "smaksattare",
      "atHome": true
    },
    "category": {
      "name": "Övrigt"
    },
    "categoryAncestry": [
      {
        "id": 3757,
        "name": "Bladpersilja - färsk",
        "url": "bladpersilja---farsk"
      },
      {
        "id": 2643,
        "name": "Persilja - färsk",
        "url": "persilja---farsk"
      },
      {
        "id": 636,
        "name": "Persilja",
        "url": "persilja"
      },
      {
        "id": 3829,
        "name": "Kryddor & Örter",
        "url": "kryddor"
      },
      {
        "id": 4,
        "name": "Kryddor & Smaksättare",
        "url": "smaksattare"
      }
    ],
    "brand": {
      "id": 3505,
      "name": "Frukt & Grönt",
      "url": "frukt-o-gront"
    },
    "supplier": {
      "id": 6516,
      "name": "Allfrukt",
      "url": "allfrukt"
    },
    "badges": [],
    "preferences": {
      "dietary": [],
      "labels": []
    },
    "availability": "AVAILABLE",
    "subscriptionProduct": false,
    "origin": {
      "id": 80,
      "name": "Italien",
      "icon": null
    },
    "ageRestriction": false,
    "isWine": false,
    "rating": {
      "avgRating": 4,
      "votes": 5
    },
    "productPlacement": false,
    "_score": 327.21298,
    "subtitle": null,
    "externalUrl": null,
    "soldBy": "mathem",
    "showSoldBy": false,
    "disclaimer": null,
    "pharmacyInformation": null,
    "siteRestrictions": {
      "openOrder": {
        "add": "Allowed",
        "edit": "Allowed",
        "remove": "Allowed"
      }
    },
    "shops": [
      {
        "id": "1",
        "name": "mathem"
      }
    ]
  },
  {
    "id": "49616",
    "name": "Mynta Kruka EKO Klass1",
    "fullName": "Mynta Kruka EKO Klass1",
    "gtin": "7313300001497",
    "url": "/varor/mynta---farsk/mynta-kruka-eko-klass1",
    "images": {
      "SMALL": "//static.mathem.se/shared/images/products/small/mynta-kruka-eko-klass1.jpg",
      "MEDIUM": "//static.mathem.se/shared/images/products/medium/mynta-kruka-eko-klass1.jpg",
      "LARGE": "//static.mathem.se/shared/images/products/large/mynta-kruka-eko-klass1.jpg",
      "ORIGINAL": "//static.mathem.se/shared/images/products/original/mynta-kruka-eko-klass1.jpg"
    },
    "defaultQuantity": 0,
    "price": 34.95,
    "recyleFee": 0,
    "quantity": 1,
    "unit": "st",
    "approximateQuantity": false,
    "comparisonPrice": 34.95,
    "comparisonUnit": "st",
    "amountInPackage": 0,
    "deliverableWeekdays": [],
    "discount": {
      "discountType": "MIX_MATCH",
      "campaignType": "WEEKLY",
      "id": 1651902,
      "quantityToBeBought": 2,
      "discountCountLimit": 0,
      "discountUsageLimitOnAllOrders": 0,
      "discountMessage": null,
      "discountText": null,
      "displayPrice": 55,
      "price": 55,
      "unitPrice": 27.5,
      "comparisonPrice": 27.5,
      "savings": 7.45,
      "percentageSavings": 21,
      "allowedMemberTypes": null
    },
    "department": {
      "id": 4,
      "name": "Kryddor & Smaksättare",
      "url": "smaksattare",
      "atHome": true
    },
    "category": {
      "name": "Övrigt"
    },
    "categoryAncestry": [
      {
        "id": 2997,
        "name": "Mynta - färsk",
        "url": "mynta---farsk"
      },
      {
        "id": 5566,
        "name": "Mynta",
        "url": "mynta"
      },
      {
        "id": 3829,
        "name": "Kryddor & Örter",
        "url": "kryddor"
      },
      {
        "id": 4,
        "name": "Kryddor & Smaksättare",
        "url": "smaksattare"
      }
    ],
    "brand": {
      "id": 16850,
      "name": "Orto Novo AB",
      "url": "orto-novo-ab"
    },
    "supplier": {
      "id": 16850,
      "name": "Orto Novo AB",
      "url": "orto-novo-ab"
    },
    "badges": [
      {
        "id": 2167,
        "name": "Ekologisk",
        "imageUrl": "ekoIcon.png",
        "toolTip": "Ekologisk"
      },
      {
        "id": 2209,
        "name": "Svenskt ursprung",
        "imageUrl": "svenskt.png",
        "toolTip": "Svenskt ursprung"
      }
    ],
    "preferences": {
      "dietary": [],
      "labels": [
        {
          "name": "Ekologisk"
        },
        {
          "name": "Svenskt ursprung"
        }
      ]
    },
    "availability": "AVAILABLE",
    "subscriptionProduct": false,
    "origin": {
      "id": 73,
      "name": "Sverige",
      "icon": "Sverige.gif"
    },
    "ageRestriction": false,
    "isWine": false,
    "rating": {
      "avgRating": 3,
      "votes": 7
    },
    "productPlacement": false,
    "_score": 321.21298,
    "subtitle": null,
    "externalUrl": null,
    "soldBy": null,
    "showSoldBy": false,
    "disclaimer": null,
    "pharmacyInformation": null,
    "siteRestrictions": {
      "openOrder": {
        "add": "Allowed",
        "edit": "Allowed",
        "remove": "Allowed"
      }
    },
    "shops": [
      {
        "id": "1",
        "name": "mathem"
      }
    ]
  },
  {
    "id": "18736",
    "name": "Timjan Kruka EKO Klass1",
    "fullName": "Timjan Kruka EKO Klass1",
    "gtin": "7313300000995",
    "url": "/varor/timjan---farsk/timjan-kruka-eko-klass1",
    "images": {
      "SMALL": "//static.mathem.se/shared/images/products/small/07313300000995_c1n1.jpg",
      "MEDIUM": "//static.mathem.se/shared/images/products/medium/07313300000995_c1n1.jpg",
      "LARGE": "//static.mathem.se/shared/images/products/large/07313300000995_c1n1.jpg",
      "ORIGINAL": "//static.mathem.se/shared/images/products/original/07313300000995_c1n1.jpg"
    },
    "defaultQuantity": 0,
    "price": 26.95,
    "recyleFee": 0,
    "quantity": 1,
    "unit": "st",
    "approximateQuantity": false,
    "comparisonPrice": 26.95,
    "comparisonUnit": "st",
    "amountInPackage": 0,
    "deliverableWeekdays": [],
    "discount": {
      "discountType": "MIX_MATCH",
      "campaignType": "WEEKLY",
      "id": 1651908,
      "quantityToBeBought": 2,
      "discountCountLimit": 0,
      "discountUsageLimitOnAllOrders": 0,
      "discountMessage": null,
      "discountText": null,
      "displayPrice": 45,
      "price": 45,
      "unitPrice": 22.5,
      "comparisonPrice": 22.5,
      "savings": 4.45,
      "percentageSavings": 16,
      "allowedMemberTypes": null
    },
    "department": {
      "id": 4,
      "name": "Kryddor & Smaksättare",
      "url": "smaksattare",
      "atHome": true
    },
    "category": {
      "name": "Övrigt"
    },
    "categoryAncestry": [
      {
        "id": 2645,
        "name": "Timjan - färsk",
        "url": "timjan---farsk"
      },
      {
        "id": 645,
        "name": "Timjan",
        "url": "timjan"
      },
      {
        "id": 3829,
        "name": "Kryddor & Örter",
        "url": "kryddor"
      },
      {
        "id": 4,
        "name": "Kryddor & Smaksättare",
        "url": "smaksattare"
      }
    ],
    "brand": {
      "id": 16850,
      "name": "Orto Novo AB",
      "url": "orto-novo-ab"
    },
    "supplier": {
      "id": 16850,
      "name": "Orto Novo AB",
      "url": "orto-novo-ab"
    },
    "badges": [
      {
        "id": 2167,
        "name": "Ekologisk",
        "imageUrl": "ekoIcon.png",
        "toolTip": "Ekologisk"
      },
      {
        "id": 2209,
        "name": "Svenskt ursprung",
        "imageUrl": "svenskt.png",
        "toolTip": "Svenskt ursprung"
      }
    ],
    "preferences": {
      "dietary": [],
      "labels": [
        {
          "name": "Ekologisk"
        },
        {
          "name": "Svenskt ursprung"
        }
      ]
    },
    "availability": "AVAILABLE",
    "subscriptionProduct": false,
    "origin": {
      "id": 73,
      "name": "Sverige",
      "icon": "Sverige.gif"
    },
    "ageRestriction": false,
    "isWine": false,
    "rating": {
      "avgRating": 3,
      "votes": 6
    },
    "productPlacement": false,
    "_score": 317.21298,
    "subtitle": null,
    "externalUrl": null,
    "soldBy": "mathem",
    "showSoldBy": false,
    "disclaimer": null,
    "pharmacyInformation": null,
    "siteRestrictions": {
      "openOrder": {
        "add": "Allowed",
        "edit": "Allowed",
        "remove": "Allowed"
      }
    },
    "shops": [
      {
        "id": "1",
        "name": "mathem"
      }
    ]
  },
  {
    "id": "14111",
    "name": "Persilja Fryst",
    "fullName": "Persilja Fryst 30g Findus",
    "gtin": "7310500031347",
    "url": "/varor/persilja---fryst/persilja-fryst-30g-findus",
    "images": {
      "SMALL": "//static.mathem.se/shared/images/products/small/07310500031347_g1l1.jpg",
      "MEDIUM": "//static.mathem.se/shared/images/products/medium/07310500031347_g1l1.jpg",
      "LARGE": "//static.mathem.se/shared/images/products/large/07310500031347_g1l1.jpg",
      "ORIGINAL": "//static.mathem.se/shared/images/products/original/07310500031347_g1l1.jpg"
    },
    "defaultQuantity": 0,
    "price": 10.95,
    "recyleFee": 0,
    "quantity": 30,
    "unit": "g",
    "approximateQuantity": false,
    "comparisonPrice": 365,
    "comparisonUnit": "kg",
    "amountInPackage": 0,
    "deliverableWeekdays": [],
    "discount": null,
    "department": {
      "id": 4,
      "name": "Kryddor & Smaksättare",
      "url": "smaksattare",
      "atHome": true
    },
    "category": {
      "name": "Övrigt"
    },
    "categoryAncestry": [
      {
        "id": 2562,
        "name": "Persilja - fryst",
        "url": "persilja---fryst"
      },
      {
        "id": 636,
        "name": "Persilja",
        "url": "persilja"
      },
      {
        "id": 3829,
        "name": "Kryddor & Örter",
        "url": "kryddor"
      },
      {
        "id": 4,
        "name": "Kryddor & Smaksättare",
        "url": "smaksattare"
      }
    ],
    "brand": {
      "id": 2383,
      "name": "Findus",
      "url": "findus"
    },
    "supplier": {
      "id": 6963,
      "name": "Findus.",
      "url": "findus-"
    },
    "badges": [],
    "preferences": {
      "dietary": [],
      "labels": []
    },
    "availability": "AVAILABLE",
    "subscriptionProduct": false,
    "origin": null,
    "ageRestriction": false,
    "isWine": false,
    "rating": {
      "avgRating": 4,
      "votes": 4
    },
    "productPlacement": false,
    "_score": 313.21298,
    "subtitle": null,
    "externalUrl": null,
    "soldBy": null,
    "showSoldBy": false,
    "disclaimer": null,
    "pharmacyInformation": null,
    "siteRestrictions": {
      "openOrder": {
        "add": "Allowed",
        "edit": "Allowed",
        "remove": "Allowed"
      }
    },
    "shops": [
      {
        "id": "1",
        "name": "mathem"
      }
    ]
  },
  {
    "id": "18728",
    "name": "Persilja Kruka EKO Klass1",
    "fullName": "Persilja Kruka EKO Klass1",
    "gtin": "7313306105267",
    "url": "/varor/persilja-farsk-eko/persilja-kruka-klass1",
    "images": {
      "SMALL": "//static.mathem.se/shared/images/products/small/persilja-kruka-klass1.jpg",
      "MEDIUM": "//static.mathem.se/shared/images/products/medium/persilja-kruka-klass1.jpg",
      "LARGE": "//static.mathem.se/shared/images/products/large/persilja-kruka-klass1.jpg",
      "ORIGINAL": "//static.mathem.se/shared/images/products/original/persilja-kruka-klass1.jpg"
    },
    "defaultQuantity": 0,
    "price": 26.95,
    "recyleFee": 0,
    "quantity": 1,
    "unit": "st",
    "approximateQuantity": false,
    "comparisonPrice": 26.95,
    "comparisonUnit": "st",
    "amountInPackage": 0,
    "deliverableWeekdays": [],
    "discount": {
      "discountType": "MIX_MATCH",
      "campaignType": "WEEKLY",
      "id": 1643081,
      "quantityToBeBought": 2,
      "discountCountLimit": 0,
      "discountUsageLimitOnAllOrders": 0,
      "discountMessage": null,
      "discountText": null,
      "displayPrice": 40,
      "price": 40,
      "unitPrice": 20,
      "comparisonPrice": 20,
      "savings": 6.95,
      "percentageSavings": 25,
      "allowedMemberTypes": null
    },
    "department": {
      "id": 4,
      "name": "Kryddor & Smaksättare",
      "url": "smaksattare",
      "atHome": true
    },
    "category": {
      "name": "Övrigt"
    },
    "categoryAncestry": [
      {
        "id": 6193,
        "name": "Persilja färsk Eko",
        "url": "persilja-farsk-eko"
      },
      {
        "id": 2643,
        "name": "Persilja - färsk",
        "url": "persilja---farsk"
      },
      {
        "id": 636,
        "name": "Persilja",
        "url": "persilja"
      },
      {
        "id": 3829,
        "name": "Kryddor & Örter",
        "url": "kryddor"
      },
      {
        "id": 4,
        "name": "Kryddor & Smaksättare",
        "url": "smaksattare"
      }
    ],
    "brand": {
      "id": 16850,
      "name": "Orto Novo AB",
      "url": "orto-novo-ab"
    },
    "supplier": {
      "id": 16850,
      "name": "Orto Novo AB",
      "url": "orto-novo-ab"
    },
    "badges": [
      {
        "id": 2167,
        "name": "Ekologisk",
        "imageUrl": "ekoIcon.png",
        "toolTip": "Ekologisk"
      },
      {
        "id": 2209,
        "name": "Svenskt ursprung",
        "imageUrl": "svenskt.png",
        "toolTip": "Svenskt ursprung"
      }
    ],
    "preferences": {
      "dietary": [],
      "labels": [
        {
          "name": "Ekologisk"
        },
        {
          "name": "Svenskt ursprung"
        }
      ]
    },
    "availability": "AVAILABLE",
    "subscriptionProduct": false,
    "origin": {
      "id": 73,
      "name": "Sverige",
      "icon": "Sverige.gif"
    },
    "ageRestriction": false,
    "isWine": false,
    "rating": {
      "avgRating": 2,
      "votes": 18
    },
    "productPlacement": false,
    "_score": 311.21298,
    "subtitle": null,
    "externalUrl": null,
    "soldBy": "mathem",
    "showSoldBy": false,
    "disclaimer": null,
    "pharmacyInformation": null,
    "siteRestrictions": {
      "openOrder": {
        "add": "Allowed",
        "edit": "Allowed",
        "remove": "Allowed"
      }
    },
    "shops": [
      {
        "id": "1",
        "name": "mathem"
      }
    ]
  },
  {
    "id": "18730",
    "name": "Dill Kruka EKO Klass1",
    "fullName": "Dill Kruka EKO Klass1",
    "gtin": "7313306305261",
    "url": "/varor/dill---farsk/dill-kruka-klass1",
    "images": {
      "SMALL": "//static.mathem.se/shared/images/products/small/dill-kruka-klass1.jpg",
      "MEDIUM": "//static.mathem.se/shared/images/products/medium/dill-kruka-klass1.jpg",
      "LARGE": "//static.mathem.se/shared/images/products/large/dill-kruka-klass1.jpg",
      "ORIGINAL": "//static.mathem.se/shared/images/products/original/dill-kruka-klass1.jpg"
    },
    "defaultQuantity": 0,
    "price": 26.95,
    "recyleFee": 0,
    "quantity": 1,
    "unit": "st",
    "approximateQuantity": false,
    "comparisonPrice": 26.95,
    "comparisonUnit": "st",
    "amountInPackage": 1,
    "deliverableWeekdays": [],
    "discount": {
      "discountType": "MULTI_DISCOUNT",
      "campaignType": "MULTI_PRICE",
      "id": 1442582,
      "quantityToBeBought": 2,
      "discountCountLimit": 0,
      "discountUsageLimitOnAllOrders": 0,
      "discountMessage": null,
      "discountText": null,
      "displayPrice": 45,
      "price": 45,
      "unitPrice": 22.5,
      "comparisonPrice": 22.5,
      "savings": 4.45,
      "percentageSavings": 16,
      "allowedMemberTypes": null
    },
    "department": {
      "id": 4,
      "name": "Kryddor & Smaksättare",
      "url": "smaksattare",
      "atHome": true
    },
    "category": {
      "name": "Övrigt"
    },
    "categoryAncestry": [
      {
        "id": 2462,
        "name": "Dill - färsk",
        "url": "dill---farsk"
      },
      {
        "id": 841,
        "name": "Dill",
        "url": "dill"
      },
      {
        "id": 3829,
        "name": "Kryddor & Örter",
        "url": "kryddor"
      },
      {
        "id": 4,
        "name": "Kryddor & Smaksättare",
        "url": "smaksattare"
      }
    ],
    "brand": {
      "id": 16850,
      "name": "Orto Novo AB",
      "url": "orto-novo-ab"
    },
    "supplier": {
      "id": 16850,
      "name": "Orto Novo AB",
      "url": "orto-novo-ab"
    },
    "badges": [
      {
        "id": 2167,
        "name": "Ekologisk",
        "imageUrl": "ekoIcon.png",
        "toolTip": "Ekologisk"
      },
      {
        "id": 2209,
        "name": "Svenskt ursprung",
        "imageUrl": "svenskt.png",
        "toolTip": "Svenskt ursprung"
      }
    ],
    "preferences": {
      "dietary": [],
      "labels": [
        {
          "name": "Ekologisk"
        },
        {
          "name": "Svenskt ursprung"
        }
      ]
    },
    "availability": "AVAILABLE",
    "subscriptionProduct": false,
    "origin": {
      "id": 73,
      "name": "Sverige",
      "icon": "Sverige.gif"
    },
    "ageRestriction": false,
    "isWine": false,
    "rating": {
      "avgRating": 2,
      "votes": 18
    },
    "productPlacement": false,
    "_score": 305.21298,
    "subtitle": null,
    "externalUrl": null,
    "soldBy": "mathem",
    "showSoldBy": false,
    "disclaimer": null,
    "pharmacyInformation": null,
    "siteRestrictions": {
      "openOrder": {
        "add": "Allowed",
        "edit": "Allowed",
        "remove": "Allowed"
      }
    },
    "shops": [
      {
        "id": "1",
        "name": "mathem"
      }
    ]
  },
  {
    "id": "58230",
    "name": "Gold Mousse 12x85g",
    "fullName": "Gold Mousse 12x85g Gourmet",
    "gtin": "7613032395377",
    "url": "/varor/kattmat-gourmet/multibox-mousse-12x85g-gourmet-gold",
    "images": {
      "SMALL": "//static.mathem.se/shared/images/products/small/07613032395377_c1l1.jpg",
      "MEDIUM": "//static.mathem.se/shared/images/products/medium/07613032395377_c1l1.jpg",
      "LARGE": "//static.mathem.se/shared/images/products/large/07613032395377_c1l1.jpg",
      "ORIGINAL": "//static.mathem.se/shared/images/products/original/07613032395377_c1l1.jpg"
    },
    "defaultQuantity": 0,
    "price": 64.95,
    "recyleFee": 0,
    "quantity": 1020,
    "unit": "g",
    "approximateQuantity": false,
    "comparisonPrice": 63.68,
    "comparisonUnit": "kg",
    "amountInPackage": 12,
    "deliverableWeekdays": [],
    "discount": null,
    "department": {
      "id": 6,
      "name": "Djurmat & Tillbehör",
      "url": "djurmat-o-tillbehor",
      "atHome": false
    },
    "category": {
      "name": "Övrigt"
    },
    "categoryAncestry": [
      {
        "id": 1009,
        "name": "Kattmat Gourmet",
        "url": "kattmat-gourmet"
      },
      {
        "id": 37,
        "name": "Kattmat",
        "url": "kattmat-o-tillbehor"
      },
      {
        "id": 6,
        "name": "Djurmat & Tillbehör",
        "url": "djurmat-o-tillbehor"
      }
    ],
    "brand": {
      "id": 2406,
      "name": "Gourmet",
      "url": "gourmet"
    },
    "supplier": {
      "id": 7578,
      "name": "Nestlé Djurmat",
      "url": "nestle-djurmat"
    },
    "badges": [],
    "preferences": {
      "dietary": [],
      "labels": []
    },
    "availability": "AVAILABLE",
    "subscriptionProduct": false,
    "origin": null,
    "ageRestriction": false,
    "isWine": false,
    "rating": {
      "avgRating": 3,
      "votes": 14
    },
    "productPlacement": false,
    "_score": 276.33667,
    "subtitle": null,
    "externalUrl": null,
    "soldBy": null,
    "showSoldBy": false,
    "disclaimer": null,
    "pharmacyInformation": null,
    "siteRestrictions": {
      "openOrder": {
        "add": "Allowed",
        "edit": "Allowed",
        "remove": "Allowed"
      }
    },
    "shops": [
      {
        "id": "1",
        "name": "mathem"
      }
    ]
  },
  {
    "id": "123692",
    "name": "Kattmat Fågel Delikat 8 x 85g",
    "fullName": "Kattmat Fågel Delikat 8 x 85g Sheba",
    "gtin": "3065890132399",
    "url": "/varor/kattmat-gourmet/kattmat-fagel-delikat-85g-sheba",
    "images": {
      "SMALL": "//static.mathem.se/shared/images/products/small/03065890132399_c1l1.jpg",
      "MEDIUM": "//static.mathem.se/shared/images/products/medium/03065890132399_c1l1.jpg",
      "LARGE": "//static.mathem.se/shared/images/products/large/03065890132399_c1l1.jpg",
      "ORIGINAL": "//static.mathem.se/shared/images/products/original/03065890132399_c1l1.jpg"
    },
    "defaultQuantity": 0,
    "price": 55.95,
    "recyleFee": 0,
    "quantity": 680,
    "unit": "g",
    "approximateQuantity": false,
    "comparisonPrice": 82.28,
    "comparisonUnit": "kg",
    "amountInPackage": 1,
    "deliverableWeekdays": [],
    "discount": null,
    "department": {
      "id": 6,
      "name": "Djurmat & Tillbehör",
      "url": "djurmat-o-tillbehor",
      "atHome": false
    },
    "category": {
      "name": "Övrigt"
    },
    "categoryAncestry": [
      {
        "id": 1009,
        "name": "Kattmat Gourmet",
        "url": "kattmat-gourmet"
      },
      {
        "id": 37,
        "name": "Kattmat",
        "url": "kattmat-o-tillbehor"
      },
      {
        "id": 6,
        "name": "Djurmat & Tillbehör",
        "url": "djurmat-o-tillbehor"
      }
    ],
    "brand": {
      "id": 3802,
      "name": "Sheba",
      "url": "sheba"
    },
    "supplier": {
      "id": 7476,
      "name": "Mars Sverige AB",
      "url": "mars-sverige-ab"
    },
    "badges": [],
    "preferences": {
      "dietary": [],
      "labels": []
    },
    "availability": "AVAILABLE",
    "subscriptionProduct": false,
    "origin": null,
    "ageRestriction": false,
    "isWine": false,
    "rating": {
      "avgRating": 3,
      "votes": 5
    },
    "productPlacement": false,
    "_score": 266.33667,
    "subtitle": null,
    "externalUrl": null,
    "soldBy": null,
    "showSoldBy": false,
    "disclaimer": null,
    "pharmacyInformation": null,
    "siteRestrictions": {
      "openOrder": {
        "add": "Allowed",
        "edit": "Allowed",
        "remove": "Allowed"
      }
    },
    "shops": [
      {
        "id": "1",
        "name": "mathem"
      }
    ]
  },
  {
    "id": "141253",
    "name": "Kattmat Kött i Sås Multipack 12x85g",
    "fullName": "Kattmat Kött i Sås Multipack 12x85g Mjau",
    "gtin": "7300330035189",
    "url": "/varor/kattmat-vatfoder/kattmat-kott-i-sas-multipack-12x85g-mjau",
    "images": {
      "SMALL": "//static.mathem.se/shared/images/products/small/07300330035189_c1l1.jpeg.jpg",
      "MEDIUM": "//static.mathem.se/shared/images/products/medium/07300330035189_c1l1.jpeg.jpg",
      "LARGE": "//static.mathem.se/shared/images/products/large/07300330035189_c1l1.jpeg.jpg",
      "ORIGINAL": "//static.mathem.se/shared/images/products/original/07300330035189_c1l1.jpeg.jpg"
    },
    "defaultQuantity": 0,
    "price": 61.95,
    "recyleFee": 0,
    "quantity": 1020,
    "unit": "g",
    "approximateQuantity": false,
    "comparisonPrice": 60.74,
    "comparisonUnit": "kg",
    "amountInPackage": 12,
    "deliverableWeekdays": [],
    "discount": null,
    "department": {
      "id": 6,
      "name": "Djurmat & Tillbehör",
      "url": "djurmat-o-tillbehor",
      "atHome": false
    },
    "category": {
      "name": "Övrigt"
    },
    "categoryAncestry": [
      {
        "id": 1008,
        "name": "Kattmat Våtfoder",
        "url": "kattmat-vatfoder"
      },
      {
        "id": 37,
        "name": "Kattmat",
        "url": "kattmat-o-tillbehor"
      },
      {
        "id": 6,
        "name": "Djurmat & Tillbehör",
        "url": "djurmat-o-tillbehor"
      }
    ],
    "brand": {
      "id": 3228,
      "name": "Mjau",
      "url": "mjau"
    },
    "supplier": {
      "id": 7359,
      "name": "Lantmännen Doggy AB",
      "url": "lantmannen-doggy-ab"
    },
    "badges": [],
    "preferences": {
      "dietary": [],
      "labels": []
    },
    "availability": "AVAILABLE",
    "subscriptionProduct": false,
    "origin": null,
    "ageRestriction": false,
    "isWine": false,
    "rating": {
      "avgRating": 3,
      "votes": 5
    },
    "productPlacement": false,
    "_score": 256.33667,
    "subtitle": null,
    "externalUrl": null,
    "soldBy": null,
    "showSoldBy": false,
    "disclaimer": null,
    "pharmacyInformation": null,
    "siteRestrictions": {
      "openOrder": {
        "add": "Allowed",
        "edit": "Allowed",
        "remove": "Allowed"
      }
    },
    "shops": [
      {
        "id": "1",
        "name": "mathem"
      }
    ]
  },
  {
    "id": "112626",
    "name": "Kattmat Fisk- & Köttmeny i Gelé +7år 12x100g",
    "fullName": "Kattmat Fisk- & Köttmeny i Gelé +7år 12x100g Whiskas",
    "gtin": "3065890128538",
    "url": "/varor/kattmat-vatfoder/kattmat-fisk--o-kottmeny-i-gele-7ar-12x100g-whiskas",
    "images": {
      "SMALL": "//static.mathem.se/shared/images/products/small/kattmat-fisk--o-kottmeny-i-gele-7ar.jpg",
      "MEDIUM": "//static.mathem.se/shared/images/products/medium/kattmat-fisk--o-kottmeny-i-gele-7ar.jpg",
      "LARGE": "//static.mathem.se/shared/images/products/large/kattmat-fisk--o-kottmeny-i-gele-7ar.jpg",
      "ORIGINAL": "//static.mathem.se/shared/images/products/original/kattmat-fisk--o-kottmeny-i-gele-7ar.jpg"
    },
    "defaultQuantity": 0,
    "price": 59.95,
    "recyleFee": 0,
    "quantity": 1200,
    "unit": "g",
    "approximateQuantity": false,
    "comparisonPrice": 49.96,
    "comparisonUnit": "kg",
    "amountInPackage": 12,
    "deliverableWeekdays": [],
    "discount": null,
    "department": {
      "id": 6,
      "name": "Djurmat & Tillbehör",
      "url": "djurmat-o-tillbehor",
      "atHome": false
    },
    "category": {
      "name": "Övrigt"
    },
    "categoryAncestry": [
      {
        "id": 1008,
        "name": "Kattmat Våtfoder",
        "url": "kattmat-vatfoder"
      },
      {
        "id": 37,
        "name": "Kattmat",
        "url": "kattmat-o-tillbehor"
      },
      {
        "id": 6,
        "name": "Djurmat & Tillbehör",
        "url": "djurmat-o-tillbehor"
      }
    ],
    "brand": {
      "id": 2633,
      "name": "Whiskas",
      "url": "whiskas"
    },
    "supplier": {
      "id": 7476,
      "name": "Mars Sverige AB",
      "url": "mars-sverige-ab"
    },
    "badges": [],
    "preferences": {
      "dietary": [],
      "labels": []
    },
    "availability": "AVAILABLE",
    "subscriptionProduct": false,
    "origin": null,
    "ageRestriction": false,
    "isWine": false,
    "rating": null,
    "productPlacement": false,
    "_score": 250.33667,
    "subtitle": null,
    "externalUrl": null,
    "soldBy": null,
    "showSoldBy": false,
    "disclaimer": null,
    "pharmacyInformation": null,
    "siteRestrictions": {
      "openOrder": {
        "add": "Allowed",
        "edit": "Allowed",
        "remove": "Allowed"
      }
    },
    "shops": [
      {
        "id": "1",
        "name": "mathem"
      }
    ]
  },
  {
    "id": "26040",
    "name": "Kattmat Oxe/Kyckling/Tonfisk/Lax i Gelé 12x85g",
    "fullName": "Kattmat Oxe/Kyckling/Tonfisk/Lax i Gelé 12x85g Latz",
    "gtin": "7613039847848",
    "url": "/varor/kattmat-gourmet/kattmat-oxe--kyckling--tonfisk-och-lax-i-gele-12x100g-latz",
    "images": {
      "SMALL": "//static.mathem.se/shared/images/products/small/kattmat-11.jpg",
      "MEDIUM": "//static.mathem.se/shared/images/products/medium/kattmat-11.jpg",
      "LARGE": "//static.mathem.se/shared/images/products/large/kattmat-11.jpg",
      "ORIGINAL": "//static.mathem.se/shared/images/products/original/kattmat-11.jpg"
    },
    "defaultQuantity": 0,
    "price": 63.95,
    "recyleFee": 0,
    "quantity": 1020,
    "unit": "g",
    "approximateQuantity": false,
    "comparisonPrice": 62.7,
    "comparisonUnit": "kg",
    "amountInPackage": 12,
    "deliverableWeekdays": [],
    "discount": null,
    "department": {
      "id": 6,
      "name": "Djurmat & Tillbehör",
      "url": "djurmat-o-tillbehor",
      "atHome": false
    },
    "category": {
      "name": "Övrigt"
    },
    "categoryAncestry": [
      {
        "id": 1009,
        "name": "Kattmat Gourmet",
        "url": "kattmat-gourmet"
      },
      {
        "id": 37,
        "name": "Kattmat",
        "url": "kattmat-o-tillbehor"
      },
      {
        "id": 6,
        "name": "Djurmat & Tillbehör",
        "url": "djurmat-o-tillbehor"
      }
    ],
    "brand": {
      "id": 5033,
      "name": "Latz",
      "url": "latz"
    },
    "supplier": {
      "id": 7578,
      "name": "Nestlé Djurmat",
      "url": "nestle-djurmat"
    },
    "badges": [],
    "preferences": {
      "dietary": [],
      "labels": []
    },
    "availability": "AVAILABLE",
    "subscriptionProduct": false,
    "origin": null,
    "ageRestriction": false,
    "isWine": false,
    "rating": {
      "avgRating": 4,
      "votes": 1
    },
    "productPlacement": false,
    "_score": 240.33667,
    "subtitle": null,
    "externalUrl": null,
    "soldBy": "mathem",
    "showSoldBy": false,
    "disclaimer": null,
    "pharmacyInformation": null,
    "siteRestrictions": {
      "openOrder": {
        "add": "Allowed",
        "edit": "Allowed",
        "remove": "Allowed"
      }
    },
    "shops": [
      {
        "id": "1",
        "name": "mathem"
      }
    ]
  },
  {
    "id": "83201",
    "name": "Kattmat Kalkon/Oxe/Lamm/Anka i Sås 12x85g",
    "fullName": "Kattmat Kalkon/Oxe/Lamm/Anka i Sås 12x85g Latz",
    "gtin": "7613039846964",
    "url": "/varor/kattmat-vatfoder/kattmat-kalkonoxelammanka-i-sas-12x100g-latz",
    "images": {
      "SMALL": "//static.mathem.se/shared/images/products/small/kattmat.jpg",
      "MEDIUM": "//static.mathem.se/shared/images/products/medium/kattmat.jpg",
      "LARGE": "//static.mathem.se/shared/images/products/large/kattmat.jpg",
      "ORIGINAL": "//static.mathem.se/shared/images/products/original/kattmat.jpg"
    },
    "defaultQuantity": 0,
    "price": 63.95,
    "recyleFee": 0,
    "quantity": 1020,
    "unit": "g",
    "approximateQuantity": false,
    "comparisonPrice": 62.7,
    "comparisonUnit": "kg",
    "amountInPackage": 12,
    "deliverableWeekdays": [],
    "discount": null,
    "department": {
      "id": 6,
      "name": "Djurmat & Tillbehör",
      "url": "djurmat-o-tillbehor",
      "atHome": false
    },
    "category": {
      "name": "Övrigt"
    },
    "categoryAncestry": [
      {
        "id": 1008,
        "name": "Kattmat Våtfoder",
        "url": "kattmat-vatfoder"
      },
      {
        "id": 37,
        "name": "Kattmat",
        "url": "kattmat-o-tillbehor"
      },
      {
        "id": 6,
        "name": "Djurmat & Tillbehör",
        "url": "djurmat-o-tillbehor"
      }
    ],
    "brand": {
      "id": 5033,
      "name": "Latz",
      "url": "latz"
    },
    "supplier": {
      "id": 7578,
      "name": "Nestlé Djurmat",
      "url": "nestle-djurmat"
    },
    "badges": [],
    "preferences": {
      "dietary": [],
      "labels": []
    },
    "availability": "AVAILABLE",
    "subscriptionProduct": false,
    "origin": null,
    "ageRestriction": false,
    "isWine": false,
    "rating": {
      "avgRating": 4,
      "votes": 3
    },
    "productPlacement": false,
    "_score": 236.33667,
    "subtitle": null,
    "externalUrl": null,
    "soldBy": "mathem",
    "showSoldBy": false,
    "disclaimer": null,
    "pharmacyInformation": null,
    "siteRestrictions": {
      "openOrder": {
        "add": "Allowed",
        "edit": "Allowed",
        "remove": "Allowed"
      }
    },
    "shops": [
      {
        "id": "1",
        "name": "mathem"
      }
    ]
  },
  {
    "id": "82557",
    "name": "Kattfoder Adult Steril 1.4kg",
    "fullName": "Kattfoder Adult Steril 1.4kg Perfect Fit",
    "gtin": "4008429089671",
    "url": "/varor/kattmat-torrfoder/pro-sterile-750g-perfect-fit",
    "images": {
      "SMALL": "//static.mathem.se/shared/images/products/small/kattfoder-adult-steril-1-4kg-perfect-fit-1.jpg",
      "MEDIUM": "//static.mathem.se/shared/images/products/medium/kattfoder-adult-steril-1-4kg-perfect-fit-1.jpg",
      "LARGE": "//static.mathem.se/shared/images/products/large/kattfoder-adult-steril-1-4kg-perfect-fit-1.jpg",
      "ORIGINAL": "//static.mathem.se/shared/images/products/original/kattfoder-adult-steril-1-4kg-perfect-fit-1.jpg"
    },
    "defaultQuantity": 0,
    "price": 115,
    "recyleFee": 0,
    "quantity": 1400,
    "unit": "g",
    "approximateQuantity": false,
    "comparisonPrice": 82.14,
    "comparisonUnit": "kg",
    "amountInPackage": 1,
    "deliverableWeekdays": [],
    "discount": null,
    "department": {
      "id": 6,
      "name": "Djurmat & Tillbehör",
      "url": "djurmat-o-tillbehor",
      "atHome": false
    },
    "category": {
      "name": "Övrigt"
    },
    "categoryAncestry": [
      {
        "id": 701,
        "name": "Kattmat Torrfoder",
        "url": "kattmat-torrfoder"
      },
      {
        "id": 37,
        "name": "Kattmat",
        "url": "kattmat-o-tillbehor"
      },
      {
        "id": 6,
        "name": "Djurmat & Tillbehör",
        "url": "djurmat-o-tillbehor"
      }
    ],
    "brand": {
      "id": 5395,
      "name": "Perfect Fit",
      "url": "perfect-fit"
    },
    "supplier": {
      "id": 7476,
      "name": "Mars Sverige AB",
      "url": "mars-sverige-ab"
    },
    "badges": [],
    "preferences": {
      "dietary": [],
      "labels": []
    },
    "availability": "AVAILABLE",
    "subscriptionProduct": false,
    "origin": null,
    "ageRestriction": false,
    "isWine": false,
    "rating": {
      "avgRating": 3,
      "votes": 5
    },
    "productPlacement": false,
    "_score": 236.33667,
    "subtitle": null,
    "externalUrl": null,
    "soldBy": "mathem",
    "showSoldBy": false,
    "disclaimer": null,
    "pharmacyInformation": null,
    "siteRestrictions": {
      "openOrder": {
        "add": "Allowed",
        "edit": "Allowed",
        "remove": "Allowed"
      }
    },
    "shops": [
      {
        "id": "1",
        "name": "mathem"
      }
    ]
  },
  {
    "id": "142999",
    "name": "Kattmat för Kastrerad Innekatt 1,4kg",
    "fullName": "Kattmat för Kastrerad Innekatt 1,4kg Mjau",
    "gtin": "7311030173217",
    "url": "/varor/kattmat-torrfoder/kattmat-for-kastrerad-innekatt-1-4kg-mjau",
    "images": {
      "SMALL": "//static.mathem.se/shared/images/products/small/07311030173217_g1l1.jpg",
      "MEDIUM": "//static.mathem.se/shared/images/products/medium/07311030173217_g1l1.jpg",
      "LARGE": "//static.mathem.se/shared/images/products/large/07311030173217_g1l1.jpg",
      "ORIGINAL": "//static.mathem.se/shared/images/products/original/07311030173217_g1l1.jpg"
    },
    "defaultQuantity": 0,
    "price": 64.95,
    "recyleFee": 0,
    "quantity": 1.4,
    "unit": "kg",
    "approximateQuantity": false,
    "comparisonPrice": 46.39,
    "comparisonUnit": "kg",
    "amountInPackage": 1,
    "deliverableWeekdays": [],
    "discount": null,
    "department": {
      "id": 6,
      "name": "Djurmat & Tillbehör",
      "url": "djurmat-o-tillbehor",
      "atHome": false
    },
    "category": {
      "name": "Övrigt"
    },
    "categoryAncestry": [
      {
        "id": 701,
        "name": "Kattmat Torrfoder",
        "url": "kattmat-torrfoder"
      },
      {
        "id": 37,
        "name": "Kattmat",
        "url": "kattmat-o-tillbehor"
      },
      {
        "id": 6,
        "name": "Djurmat & Tillbehör",
        "url": "djurmat-o-tillbehor"
      }
    ],
    "brand": {
      "id": 3228,
      "name": "Mjau",
      "url": "mjau"
    },
    "supplier": {
      "id": 7359,
      "name": "Lantmännen Doggy AB",
      "url": "lantmannen-doggy-ab"
    },
    "badges": [],
    "preferences": {
      "dietary": [],
      "labels": []
    },
    "availability": "AVAILABLE",
    "subscriptionProduct": false,
    "origin": null,
    "ageRestriction": false,
    "isWine": false,
    "rating": {
      "avgRating": 4,
      "votes": 5
    },
    "productPlacement": false,
    "_score": 230.33667,
    "subtitle": null,
    "externalUrl": null,
    "soldBy": null,
    "showSoldBy": false,
    "disclaimer": null,
    "pharmacyInformation": null,
    "siteRestrictions": {
      "openOrder": {
        "add": "Allowed",
        "edit": "Allowed",
        "remove": "Allowed"
      }
    },
    "shops": [
      {
        "id": "1",
        "name": "mathem"
      }
    ]
  },
  {
    "id": "112611",
    "name": "Kattmat Fisk & Köttmeny i Sås +1år 12x100g",
    "fullName": "Kattmat Fisk & Köttmeny i Sås +1år 12x100g Whiskas",
    "gtin": "8410136004407",
    "url": "/varor/kattmat-vatfoder/kattmat-fisk-o-kottmeny-i-sas-1ar-12x100g-whiskas",
    "images": {
      "SMALL": "//static.mathem.se/shared/images/products/small/kattmat-fisk-o-kottmeny-i-sas-.jpg",
      "MEDIUM": "//static.mathem.se/shared/images/products/medium/kattmat-fisk-o-kottmeny-i-sas-.jpg",
      "LARGE": "//static.mathem.se/shared/images/products/large/kattmat-fisk-o-kottmeny-i-sas-.jpg",
      "ORIGINAL": "//static.mathem.se/shared/images/products/original/kattmat-fisk-o-kottmeny-i-sas-.jpg"
    },
    "defaultQuantity": 0,
    "price": 59.95,
    "recyleFee": 0,
    "quantity": 1200,
    "unit": "g",
    "approximateQuantity": false,
    "comparisonPrice": 49.96,
    "comparisonUnit": "kg",
    "amountInPackage": 12,
    "deliverableWeekdays": [],
    "discount": null,
    "department": {
      "id": 6,
      "name": "Djurmat & Tillbehör",
      "url": "djurmat-o-tillbehor",
      "atHome": false
    },
    "category": {
      "name": "Övrigt"
    },
    "categoryAncestry": [
      {
        "id": 1008,
        "name": "Kattmat Våtfoder",
        "url": "kattmat-vatfoder"
      },
      {
        "id": 37,
        "name": "Kattmat",
        "url": "kattmat-o-tillbehor"
      },
      {
        "id": 6,
        "name": "Djurmat & Tillbehör",
        "url": "djurmat-o-tillbehor"
      }
    ],
    "brand": {
      "id": 2633,
      "name": "Whiskas",
      "url": "whiskas"
    },
    "supplier": {
      "id": 7476,
      "name": "Mars Sverige AB",
      "url": "mars-sverige-ab"
    },
    "badges": [],
    "preferences": {
      "dietary": [],
      "labels": []
    },
    "availability": "AVAILABLE",
    "subscriptionProduct": false,
    "origin": null,
    "ageRestriction": false,
    "isWine": false,
    "rating": {
      "avgRating": 4,
      "votes": 3
    },
    "productPlacement": false,
    "_score": 230.33667,
    "subtitle": null,
    "externalUrl": null,
    "soldBy": null,
    "showSoldBy": false,
    "disclaimer": null,
    "pharmacyInformation": null,
    "siteRestrictions": {
      "openOrder": {
        "add": "Allowed",
        "edit": "Allowed",
        "remove": "Allowed"
      }
    },
    "shops": [
      {
        "id": "1",
        "name": "mathem"
      }
    ]
  },
  {
    "id": "112605",
    "name": "Kattmat Köttmeny i Sås 12x100g",
    "fullName": "Kattmat Köttmeny i Sås 12x100g Whiskas",
    "gtin": "8410136004735",
    "url": "/varor/kattmat-vatfoder/kattmat-kottmeny-i-sas-12x100g-whiskas",
    "images": {
      "SMALL": "//static.mathem.se/shared/images/products/small/kattmat-kottmeny-i-sas-12x100g-whiskas-2.jpg",
      "MEDIUM": "//static.mathem.se/shared/images/products/medium/kattmat-kottmeny-i-sas-12x100g-whiskas-2.jpg",
      "LARGE": "//static.mathem.se/shared/images/products/large/kattmat-kottmeny-i-sas-12x100g-whiskas-2.jpg",
      "ORIGINAL": "//static.mathem.se/shared/images/products/original/kattmat-kottmeny-i-sas-12x100g-whiskas-2.jpg"
    },
    "defaultQuantity": 0,
    "price": 59.95,
    "recyleFee": 0,
    "quantity": 1200,
    "unit": "g",
    "approximateQuantity": false,
    "comparisonPrice": 49.96,
    "comparisonUnit": "kg",
    "amountInPackage": 12,
    "deliverableWeekdays": [],
    "discount": null,
    "department": {
      "id": 6,
      "name": "Djurmat & Tillbehör",
      "url": "djurmat-o-tillbehor",
      "atHome": false
    },
    "category": {
      "name": "Övrigt"
    },
    "categoryAncestry": [
      {
        "id": 1008,
        "name": "Kattmat Våtfoder",
        "url": "kattmat-vatfoder"
      },
      {
        "id": 37,
        "name": "Kattmat",
        "url": "kattmat-o-tillbehor"
      },
      {
        "id": 6,
        "name": "Djurmat & Tillbehör",
        "url": "djurmat-o-tillbehor"
      }
    ],
    "brand": {
      "id": 2633,
      "name": "Whiskas",
      "url": "whiskas"
    },
    "supplier": {
      "id": 7476,
      "name": "Mars Sverige AB",
      "url": "mars-sverige-ab"
    },
    "badges": [],
    "preferences": {
      "dietary": [],
      "labels": []
    },
    "availability": "AVAILABLE",
    "subscriptionProduct": false,
    "origin": null,
    "ageRestriction": false,
    "isWine": false,
    "rating": null,
    "productPlacement": false,
    "_score": 230.33667,
    "subtitle": null,
    "externalUrl": null,
    "soldBy": null,
    "showSoldBy": false,
    "disclaimer": null,
    "pharmacyInformation": null,
    "siteRestrictions": {
      "openOrder": {
        "add": "Allowed",
        "edit": "Allowed",
        "remove": "Allowed"
      }
    },
    "shops": [
      {
        "id": "1",
        "name": "mathem"
      }
    ]
  },
  {
    "id": "97724",
    "name": "Allers",
    "fullName": "Allers Tidsam",
    "gtin": "7388020100003",
    "url": "/varor/mattidningar/allers-tidsam",
    "images": {
      "SMALL": "//static.mathem.se/shared/images/products/small/allers-tidsam-2357.jpg",
      "MEDIUM": "//static.mathem.se/shared/images/products/medium/allers-tidsam-2357.jpg",
      "LARGE": "//static.mathem.se/shared/images/products/large/allers-tidsam-2357.jpg",
      "ORIGINAL": "//static.mathem.se/shared/images/products/original/allers-tidsam-2357.jpg"
    },
    "defaultQuantity": 0,
    "price": 34.9,
    "recyleFee": 0,
    "quantity": 1,
    "unit": "st",
    "approximateQuantity": false,
    "comparisonPrice": 34.9,
    "comparisonUnit": "st",
    "amountInPackage": 1,
    "deliverableWeekdays": [],
    "discount": null,
    "department": {
      "id": 4850,
      "name": "Kiosk & Tidningar",
      "url": "kiosk",
      "atHome": false
    },
    "category": {
      "name": "Kiosk & Tidningar"
    },
    "categoryAncestry": [
      {
        "id": 5010,
        "name": "Damtidningar",
        "url": "damtidningar"
      },
      {
        "id": 3501,
        "name": "Tidningar",
        "url": "tidningar"
      },
      {
        "id": 4850,
        "name": "Kiosk & Tidningar",
        "url": "kiosk"
      }
    ],
    "brand": {
      "id": 5070,
      "name": "Tidsam",
      "url": "tidsam"
    },
    "supplier": {
      "id": 8025,
      "name": "Tidsam",
      "url": "tidsam"
    },
    "badges": [],
    "preferences": {
      "dietary": [],
      "labels": []
    },
    "availability": "AVAILABLE",
    "subscriptionProduct": false,
    "origin": null,
    "ageRestriction": false,
    "isWine": false,
    "rating": {
      "avgRating": 4,
      "votes": 3
    },
    "productPlacement": false,
    "_score": 227.23526,
    "subtitle": null,
    "externalUrl": null,
    "soldBy": "mathem",
    "showSoldBy": false,
    "disclaimer": null,
    "pharmacyInformation": null,
    "siteRestrictions": {
      "openOrder": {
        "add": "Allowed",
        "edit": "Allowed",
        "remove": "Allowed"
      }
    },
    "shops": [
      {
        "id": "1",
        "name": "mathem"
      }
    ]
  },
  {
    "id": "165973",
    "name": "Veckokryss",
    "fullName": "Veckokryss Tidsam",
    "gtin": "7388491300001",
    "url": "/varor/korsordstidningar/veckokryss-tidsam",
    "images": {
      "SMALL": "//static.mathem.se/shared/images/products/small/veckokryss-tidsam-673.jpg",
      "MEDIUM": "//static.mathem.se/shared/images/products/medium/veckokryss-tidsam-673.jpg",
      "LARGE": "//static.mathem.se/shared/images/products/large/veckokryss-tidsam-673.jpg",
      "ORIGINAL": "//static.mathem.se/shared/images/products/original/veckokryss-tidsam-673.jpg"
    },
    "defaultQuantity": 0,
    "price": 19,
    "recyleFee": 0,
    "quantity": 1,
    "unit": "st",
    "approximateQuantity": false,
    "comparisonPrice": 19,
    "comparisonUnit": "st",
    "amountInPackage": 1,
    "deliverableWeekdays": [],
    "discount": null,
    "department": {
      "id": 4850,
      "name": "Kiosk & Tidningar",
      "url": "kiosk",
      "atHome": false
    },
    "category": {
      "name": "Kiosk & Tidningar"
    },
    "categoryAncestry": [
      {
        "id": 5007,
        "name": "Korsordstidningar",
        "url": "korsordstidningar"
      },
      {
        "id": 3501,
        "name": "Tidningar",
        "url": "tidningar"
      },
      {
        "id": 4850,
        "name": "Kiosk & Tidningar",
        "url": "kiosk"
      }
    ],
    "brand": {
      "id": 5070,
      "name": "Tidsam",
      "url": "tidsam"
    },
    "supplier": {
      "id": 8025,
      "name": "Tidsam",
      "url": "tidsam"
    },
    "badges": [],
    "preferences": {
      "dietary": [],
      "labels": []
    },
    "availability": "AVAILABLE",
    "subscriptionProduct": false,
    "origin": null,
    "ageRestriction": false,
    "isWine": false,
    "rating": {
      "avgRating": 4,
      "votes": 7
    },
    "productPlacement": false,
    "_score": 195.23526,
    "subtitle": null,
    "externalUrl": null,
    "soldBy": "mathem",
    "showSoldBy": false,
    "disclaimer": null,
    "pharmacyInformation": null,
    "siteRestrictions": {
      "openOrder": {
        "add": "Allowed",
        "edit": "Allowed",
        "remove": "Allowed"
      }
    },
    "shops": [
      {
        "id": "1",
        "name": "mathem"
      }
    ]
  },
  {
    "id": "97720",
    "name": "Allas Veckotidning",
    "fullName": "Allas Veckotidning Tidsam",
    "gtin": "7388043200001",
    "url": "/varor/damtidningar/allas-veckotidning-tidsam",
    "images": {
      "SMALL": "//static.mathem.se/shared/images/products/small/allas-veckotidning-tidsam-2357.jpg",
      "MEDIUM": "//static.mathem.se/shared/images/products/medium/allas-veckotidning-tidsam-2357.jpg",
      "LARGE": "//static.mathem.se/shared/images/products/large/allas-veckotidning-tidsam-2357.jpg",
      "ORIGINAL": "//static.mathem.se/shared/images/products/original/allas-veckotidning-tidsam-2357.jpg"
    },
    "defaultQuantity": 0,
    "price": 34.9,
    "recyleFee": 0,
    "quantity": 1,
    "unit": "st",
    "approximateQuantity": false,
    "comparisonPrice": 34.9,
    "comparisonUnit": "st",
    "amountInPackage": 1,
    "deliverableWeekdays": [],
    "discount": null,
    "department": {
      "id": 4850,
      "name": "Kiosk & Tidningar",
      "url": "kiosk",
      "atHome": false
    },
    "category": {
      "name": "Kiosk & Tidningar"
    },
    "categoryAncestry": [
      {
        "id": 5010,
        "name": "Damtidningar",
        "url": "damtidningar"
      },
      {
        "id": 3501,
        "name": "Tidningar",
        "url": "tidningar"
      },
      {
        "id": 4850,
        "name": "Kiosk & Tidningar",
        "url": "kiosk"
      }
    ],
    "brand": {
      "id": 5070,
      "name": "Tidsam",
      "url": "tidsam"
    },
    "supplier": {
      "id": 8025,
      "name": "Tidsam",
      "url": "tidsam"
    },
    "badges": [],
    "preferences": {
      "dietary": [],
      "labels": []
    },
    "availability": "AVAILABLE",
    "subscriptionProduct": false,
    "origin": null,
    "ageRestriction": false,
    "isWine": false,
    "rating": {
      "avgRating": 3,
      "votes": 2
    },
    "productPlacement": false,
    "_score": 187.23526,
    "subtitle": null,
    "externalUrl": null,
    "soldBy": "mathem",
    "showSoldBy": false,
    "disclaimer": null,
    "pharmacyInformation": null,
    "siteRestrictions": {
      "openOrder": {
        "add": "Allowed",
        "edit": "Allowed",
        "remove": "Allowed"
      }
    },
    "shops": [
      {
        "id": "1",
        "name": "mathem"
      }
    ]
  },
  {
    "id": "97745",
    "name": "Lätta Kryss",
    "fullName": "Lätta Kryss Tidsam",
    "gtin": "7388079500007",
    "url": "/varor/korsordstidningar/latta-kryss-tidsam",
    "images": {
      "SMALL": "//static.mathem.se/shared/images/products/small/latta-kryss-tidsam-2357.jpg",
      "MEDIUM": "//static.mathem.se/shared/images/products/medium/latta-kryss-tidsam-2357.jpg",
      "LARGE": "//static.mathem.se/shared/images/products/large/latta-kryss-tidsam-2357.jpg",
      "ORIGINAL": "//static.mathem.se/shared/images/products/original/latta-kryss-tidsam-2357.jpg"
    },
    "defaultQuantity": 0,
    "price": 43.9,
    "recyleFee": 0,
    "quantity": 1,
    "unit": "st",
    "approximateQuantity": false,
    "comparisonPrice": 43.9,
    "comparisonUnit": "st",
    "amountInPackage": 1,
    "deliverableWeekdays": [],
    "discount": null,
    "department": {
      "id": 4850,
      "name": "Kiosk & Tidningar",
      "url": "kiosk",
      "atHome": false
    },
    "category": {
      "name": "Kiosk & Tidningar"
    },
    "categoryAncestry": [
      {
        "id": 5007,
        "name": "Korsordstidningar",
        "url": "korsordstidningar"
      },
      {
        "id": 3501,
        "name": "Tidningar",
        "url": "tidningar"
      },
      {
        "id": 4850,
        "name": "Kiosk & Tidningar",
        "url": "kiosk"
      }
    ],
    "brand": {
      "id": 5070,
      "name": "Tidsam",
      "url": "tidsam"
    },
    "supplier": {
      "id": 8025,
      "name": "Tidsam",
      "url": "tidsam"
    },
    "badges": [],
    "preferences": {
      "dietary": [],
      "labels": []
    },
    "availability": "AVAILABLE",
    "subscriptionProduct": false,
    "origin": null,
    "ageRestriction": false,
    "isWine": false,
    "rating": {
      "avgRating": 2,
      "votes": 1
    },
    "productPlacement": false,
    "_score": 181.23526,
    "subtitle": null,
    "externalUrl": null,
    "soldBy": null,
    "showSoldBy": false,
    "disclaimer": null,
    "pharmacyInformation": null,
    "siteRestrictions": {
      "openOrder": {
        "add": "Allowed",
        "edit": "Allowed",
        "remove": "Allowed"
      }
    },
    "shops": [
      {
        "id": "1",
        "name": "mathem"
      }
    ]
  },
  {
    "id": "97734",
    "name": "Hänt Extra",
    "fullName": "Hänt Extra Tidsam",
    "gtin": "7388031000002",
    "url": "/varor/kandistidningar/hant-extra-tidsam",
    "images": {
      "SMALL": "//static.mathem.se/shared/images/products/small/hant-extra-tidsam-2357.jpg",
      "MEDIUM": "//static.mathem.se/shared/images/products/medium/hant-extra-tidsam-2357.jpg",
      "LARGE": "//static.mathem.se/shared/images/products/large/hant-extra-tidsam-2357.jpg",
      "ORIGINAL": "//static.mathem.se/shared/images/products/original/hant-extra-tidsam-2357.jpg"
    },
    "defaultQuantity": 0,
    "price": 25.9,
    "recyleFee": 0,
    "quantity": 1,
    "unit": "st",
    "approximateQuantity": false,
    "comparisonPrice": 25.9,
    "comparisonUnit": "st",
    "amountInPackage": 1,
    "deliverableWeekdays": [],
    "discount": null,
    "department": {
      "id": 4850,
      "name": "Kiosk & Tidningar",
      "url": "kiosk",
      "atHome": false
    },
    "category": {
      "name": "Kiosk & Tidningar"
    },
    "categoryAncestry": [
      {
        "id": 5013,
        "name": "Kändistidningar",
        "url": "kandistidningar"
      },
      {
        "id": 3501,
        "name": "Tidningar",
        "url": "tidningar"
      },
      {
        "id": 4850,
        "name": "Kiosk & Tidningar",
        "url": "kiosk"
      }
    ],
    "brand": {
      "id": 5070,
      "name": "Tidsam",
      "url": "tidsam"
    },
    "supplier": {
      "id": 8025,
      "name": "Tidsam",
      "url": "tidsam"
    },
    "badges": [],
    "preferences": {
      "dietary": [],
      "labels": []
    },
    "availability": "AVAILABLE",
    "subscriptionProduct": false,
    "origin": null,
    "ageRestriction": false,
    "isWine": false,
    "rating": {
      "avgRating": 3,
      "votes": 4
    },
    "productPlacement": false,
    "_score": 181.23526,
    "subtitle": null,
    "externalUrl": null,
    "soldBy": "mathem",
    "showSoldBy": false,
    "disclaimer": null,
    "pharmacyInformation": null,
    "siteRestrictions": {
      "openOrder": {
        "add": "Allowed",
        "edit": "Allowed",
        "remove": "Allowed"
      }
    },
    "shops": [
      {
        "id": "1",
        "name": "mathem"
      }
    ]
  },
  {
    "id": "97723",
    "name": "Hemmets Veckotidning",
    "fullName": "Hemmets Veckotidning Tidsam",
    "gtin": "7388021300006",
    "url": "/varor/damtidningar/hemmets-veckotidning-tidsam",
    "images": {
      "SMALL": "//static.mathem.se/shared/images/products/small/hemmets-veckotidning-tidsam-2356.jpg",
      "MEDIUM": "//static.mathem.se/shared/images/products/medium/hemmets-veckotidning-tidsam-2356.jpg",
      "LARGE": "//static.mathem.se/shared/images/products/large/hemmets-veckotidning-tidsam-2356.jpg",
      "ORIGINAL": "//static.mathem.se/shared/images/products/original/hemmets-veckotidning-tidsam-2356.jpg"
    },
    "defaultQuantity": 0,
    "price": 34.9,
    "recyleFee": 0,
    "quantity": 1,
    "unit": "st",
    "approximateQuantity": false,
    "comparisonPrice": 34.9,
    "comparisonUnit": "st",
    "amountInPackage": 1,
    "deliverableWeekdays": [],
    "discount": null,
    "department": {
      "id": 4850,
      "name": "Kiosk & Tidningar",
      "url": "kiosk",
      "atHome": false
    },
    "category": {
      "name": "Kiosk & Tidningar"
    },
    "categoryAncestry": [
      {
        "id": 5010,
        "name": "Damtidningar",
        "url": "damtidningar"
      },
      {
        "id": 3501,
        "name": "Tidningar",
        "url": "tidningar"
      },
      {
        "id": 4850,
        "name": "Kiosk & Tidningar",
        "url": "kiosk"
      }
    ],
    "brand": {
      "id": 5070,
      "name": "Tidsam",
      "url": "tidsam"
    },
    "supplier": {
      "id": 8025,
      "name": "Tidsam",
      "url": "tidsam"
    },
    "badges": [],
    "preferences": {
      "dietary": [],
      "labels": []
    },
    "availability": "AVAILABLE",
    "subscriptionProduct": false,
    "origin": null,
    "ageRestriction": false,
    "isWine": false,
    "rating": null,
    "productPlacement": false,
    "_score": 181.23526,
    "subtitle": null,
    "externalUrl": null,
    "soldBy": "mathem",
    "showSoldBy": false,
    "disclaimer": null,
    "pharmacyInformation": null,
    "siteRestrictions": {
      "openOrder": {
        "add": "Allowed",
        "edit": "Allowed",
        "remove": "Allowed"
      }
    },
    "shops": [
      {
        "id": "1",
        "name": "mathem"
      }
    ]
  },
  {
    "id": "97747",
    "name": "Världens Historia",
    "fullName": "Världens Historia Tidsam",
    "gtin": "7388467800009",
    "url": "/varor/specialtidningar/varldens-historia-tidsam",
    "images": {
      "SMALL": "//static.mathem.se/shared/images/products/small/varldens-historia-tidsam-2356.jpg",
      "MEDIUM": "//static.mathem.se/shared/images/products/medium/varldens-historia-tidsam-2356.jpg",
      "LARGE": "//static.mathem.se/shared/images/products/large/varldens-historia-tidsam-2356.jpg",
      "ORIGINAL": "//static.mathem.se/shared/images/products/original/varldens-historia-tidsam-2356.jpg"
    },
    "defaultQuantity": 0,
    "price": 86,
    "recyleFee": 0,
    "quantity": 1,
    "unit": "st",
    "approximateQuantity": false,
    "comparisonPrice": 86,
    "comparisonUnit": "st",
    "amountInPackage": 1,
    "deliverableWeekdays": [],
    "discount": null,
    "department": {
      "id": 4850,
      "name": "Kiosk & Tidningar",
      "url": "kiosk",
      "atHome": false
    },
    "category": {
      "name": "Kiosk & Tidningar"
    },
    "categoryAncestry": [
      {
        "id": 5016,
        "name": "Specialtidningar",
        "url": "specialtidningar"
      },
      {
        "id": 3501,
        "name": "Tidningar",
        "url": "tidningar"
      },
      {
        "id": 4850,
        "name": "Kiosk & Tidningar",
        "url": "kiosk"
      }
    ],
    "brand": {
      "id": 5070,
      "name": "Tidsam",
      "url": "tidsam"
    },
    "supplier": {
      "id": 8025,
      "name": "Tidsam",
      "url": "tidsam"
    },
    "badges": [],
    "preferences": {
      "dietary": [],
      "labels": []
    },
    "availability": "AVAILABLE",
    "subscriptionProduct": false,
    "origin": null,
    "ageRestriction": false,
    "isWine": false,
    "rating": {
      "avgRating": 5,
      "votes": 1
    },
    "productPlacement": false,
    "_score": 179.23526,
    "subtitle": null,
    "externalUrl": null,
    "soldBy": "mathem",
    "showSoldBy": false,
    "disclaimer": null,
    "pharmacyInformation": null,
    "siteRestrictions": {
      "openOrder": {
        "add": "Allowed",
        "edit": "Allowed",
        "remove": "Allowed"
      }
    },
    "shops": [
      {
        "id": "1",
        "name": "mathem"
      }
    ]
  },
  {
    "id": "97727",
    "name": "Hänt i Veckan",
    "fullName": "Hänt i Veckan Tidsam",
    "gtin": "7388098700006",
    "url": "/varor/kandistidningar/hant-i-veckan-tidsam",
    "images": {
      "SMALL": "//static.mathem.se/shared/images/products/small/se--and--hor-tidsam-2357.jpg",
      "MEDIUM": "//static.mathem.se/shared/images/products/medium/se--and--hor-tidsam-2357.jpg",
      "LARGE": "//static.mathem.se/shared/images/products/large/se--and--hor-tidsam-2357.jpg",
      "ORIGINAL": "//static.mathem.se/shared/images/products/original/se--and--hor-tidsam-2357.jpg"
    },
    "defaultQuantity": 0,
    "price": 29.9,
    "recyleFee": 0,
    "quantity": 1,
    "unit": "st",
    "approximateQuantity": false,
    "comparisonPrice": 29.9,
    "comparisonUnit": "st",
    "amountInPackage": 1,
    "deliverableWeekdays": [],
    "discount": null,
    "department": {
      "id": 4850,
      "name": "Kiosk & Tidningar",
      "url": "kiosk",
      "atHome": false
    },
    "category": {
      "name": "Kiosk & Tidningar"
    },
    "categoryAncestry": [
      {
        "id": 5013,
        "name": "Kändistidningar",
        "url": "kandistidningar"
      },
      {
        "id": 3501,
        "name": "Tidningar",
        "url": "tidningar"
      },
      {
        "id": 4850,
        "name": "Kiosk & Tidningar",
        "url": "kiosk"
      }
    ],
    "brand": {
      "id": 5070,
      "name": "Tidsam",
      "url": "tidsam"
    },
    "supplier": {
      "id": 8025,
      "name": "Tidsam",
      "url": "tidsam"
    },
    "badges": [],
    "preferences": {
      "dietary": [],
      "labels": []
    },
    "availability": "AVAILABLE",
    "subscriptionProduct": false,
    "origin": null,
    "ageRestriction": false,
    "isWine": false,
    "rating": {
      "avgRating": 3,
      "votes": 4
    },
    "productPlacement": false,
    "_score": 175.23526,
    "subtitle": null,
    "externalUrl": null,
    "soldBy": "mathem",
    "showSoldBy": false,
    "disclaimer": null,
    "pharmacyInformation": null,
    "siteRestrictions": {
      "openOrder": {
        "add": "Allowed",
        "edit": "Allowed",
        "remove": "Allowed"
      }
    },
    "shops": [
      {
        "id": "1",
        "name": "mathem"
      }
    ]
  },
  {
    "id": "179886",
    "name": "Allt om Trädgård",
    "fullName": "Allt om Trädgård Tidsam",
    "gtin": "7388077100000",
    "url": "/varor/tidningar/allt-om-tradgard-tidsam",
    "images": {
      "SMALL": "//static.mathem.se/shared/images/products/small/allt-om-tradgard-tidsam-239.jpg",
      "MEDIUM": "//static.mathem.se/shared/images/products/medium/allt-om-tradgard-tidsam-239.jpg",
      "LARGE": "//static.mathem.se/shared/images/products/large/allt-om-tradgard-tidsam-239.jpg",
      "ORIGINAL": "//static.mathem.se/shared/images/products/original/allt-om-tradgard-tidsam-239.jpg"
    },
    "defaultQuantity": 0,
    "price": 65,
    "recyleFee": 0,
    "quantity": 1,
    "unit": "st",
    "approximateQuantity": false,
    "comparisonPrice": 65,
    "comparisonUnit": "st",
    "amountInPackage": 1,
    "deliverableWeekdays": [],
    "discount": null,
    "department": {
      "id": 4850,
      "name": "Kiosk & Tidningar",
      "url": "kiosk",
      "atHome": false
    },
    "category": {
      "name": "Kiosk & Tidningar"
    },
    "categoryAncestry": [
      {
        "id": 3501,
        "name": "Tidningar",
        "url": "tidningar"
      },
      {
        "id": 4850,
        "name": "Kiosk & Tidningar",
        "url": "kiosk"
      }
    ],
    "brand": {
      "id": 5070,
      "name": "Tidsam",
      "url": "tidsam"
    },
    "supplier": {
      "id": 8025,
      "name": "Tidsam",
      "url": "tidsam"
    },
    "badges": [],
    "preferences": {
      "dietary": [],
      "labels": []
    },
    "availability": "AVAILABLE",
    "subscriptionProduct": false,
    "origin": null,
    "ageRestriction": false,
    "isWine": false,
    "rating": {
      "avgRating": 5,
      "votes": 2
    },
    "productPlacement": false,
    "_score": 173.23526,
    "subtitle": null,
    "externalUrl": null,
    "soldBy": "mathem",
    "showSoldBy": false,
    "disclaimer": null,
    "pharmacyInformation": null,
    "siteRestrictions": {
      "openOrder": {
        "add": "Allowed",
        "edit": "Allowed",
        "remove": "Allowed"
      }
    },
    "shops": [
      {
        "id": "1",
        "name": "mathem"
      }
    ]
  },
  {
    "id": "128128",
    "name": "Maxikryss",
    "fullName": "Maxikryss Tidsam",
    "gtin": "7388478000009",
    "url": "/varor/korsordstidningar/maxikryss-tidsam",
    "images": {
      "SMALL": "//static.mathem.se/shared/images/products/small/maxikryss-tidsam-1587.jpg",
      "MEDIUM": "//static.mathem.se/shared/images/products/medium/maxikryss-tidsam-1587.jpg",
      "LARGE": "//static.mathem.se/shared/images/products/large/maxikryss-tidsam-1587.jpg",
      "ORIGINAL": "//static.mathem.se/shared/images/products/original/maxikryss-tidsam-1587.jpg"
    },
    "defaultQuantity": 0,
    "price": 99,
    "recyleFee": 0,
    "quantity": 1,
    "unit": "st",
    "approximateQuantity": false,
    "comparisonPrice": 99,
    "comparisonUnit": "st",
    "amountInPackage": 1,
    "deliverableWeekdays": [],
    "discount": null,
    "department": {
      "id": 4850,
      "name": "Kiosk & Tidningar",
      "url": "kiosk",
      "atHome": false
    },
    "category": {
      "name": "Kiosk & Tidningar"
    },
    "categoryAncestry": [
      {
        "id": 5007,
        "name": "Korsordstidningar",
        "url": "korsordstidningar"
      },
      {
        "id": 3501,
        "name": "Tidningar",
        "url": "tidningar"
      },
      {
        "id": 4850,
        "name": "Kiosk & Tidningar",
        "url": "kiosk"
      }
    ],
    "brand": {
      "id": 5070,
      "name": "Tidsam",
      "url": "tidsam"
    },
    "supplier": {
      "id": 8025,
      "name": "Tidsam",
      "url": "tidsam"
    },
    "badges": [],
    "preferences": {
      "dietary": [],
      "labels": []
    },
    "availability": "AVAILABLE",
    "subscriptionProduct": false,
    "origin": null,
    "ageRestriction": false,
    "isWine": false,
    "rating": {
      "avgRating": 2,
      "votes": 2
    },
    "productPlacement": false,
    "_score": 173.23526,
    "subtitle": null,
    "externalUrl": null,
    "soldBy": null,
    "showSoldBy": false,
    "disclaimer": null,
    "pharmacyInformation": null,
    "siteRestrictions": {
      "openOrder": {
        "add": "Allowed",
        "edit": "Allowed",
        "remove": "Allowed"
      }
    },
    "shops": [
      {
        "id": "1",
        "name": "mathem"
      }
    ]
  }
]