[
  {
    "productName": "Baby Plommontomater",
    "price": 24.95,
    "quantity": 250,
    "quantityUnit": "g",
    "comparisonUnit": "kg",
    "comparisonPrice": 99.8,
    "brand": "Allfrukt",
    "imageUrl": "//static.mathem.se/shared/images/products/small/baby-plommontomater-250g-klass1-2.jpg",
    "category": "Frukt & Grönt",
    "ean": "7311041045206",
    "store": "Mathem",
    "discount": {
      "discountType": "MULTI_DISCOUNT",
      "quantityToBeBought": 2,
      "displayPrice": 24.95,
      "savings": 4.95,
      "percentageSavings": 19,
      "isMemberDiscount": false
    }
  },
  {
    "productName": "Broccoli 250g Klass1",
    "price": 17.95,
    "quantity": 250,
    "quantityUnit": "g",
    "comparisonUnit": "kg",
    "comparisonPrice": 71.8,
    "brand": "Allfrukt",
    "imageUrl": "//static.mathem.se/shared/images/products/small/broccoli-250g-klass1-1.jpg",
    "category": "Frukt & Grönt",
    "ean": "74060",
    "store": "Mathem",
    "discount": {
      "discountType": "MULTI_DISCOUNT",
      "quantityToBeBought": 2,
      "displayPrice": 17.95,
      "savings": 2.95,
      "percentageSavings": 16,
      "isMemberDiscount": false
    }
  },
  {
    "productName": "Gurka Klass1",
    "price": 21.95,
    "quantity": 333,
    "quantityUnit": "g",
    "comparisonUnit": "kg",
    "comparisonPrice": 65.92,
    "brand": "Allfrukt",
    "imageUrl": "//static.mathem.se/shared/images/products/small/gurka-klass1-4.jpg",
    "category": "Frukt & Grönt",
    "ean": "74597",
    "store": "Mathem",
    "discount": {
      "discountType": "MULTI_DISCOUNT",
      "quantityToBeBought": 2,
      "displayPrice": 21.95,
      "savings": 2.45,
      "percentageSavings": 11,
      "isMemberDiscount": false
    }
  },
  {
    "productName": "Paprika Röd Klass1",
    "price": 12.95,
    "quantity": 160,
    "quantityUnit": "g",
    "comparisonUnit": "kg",
    "comparisonPrice": 80.94,
    "brand": "Allfrukt",
    "imageUrl": "//static.mathem.se/shared/images/products/small/paprika-rod-klass1-7.jpg",
    "category": "Frukt & Grönt",
    "ean": "4088",
    "store": "Mathem",
    "discount": {
      "discountType": "MIX_MATCH",
      "quantityToBeBought": 2,
      "displayPrice": 12.95,
      "savings": 2.95,
      "percentageSavings": 22,
      "isMemberDiscount": false
    }
  },
  {
    "productName": "Morötter",
    "price": 12.95,
    "quantity": 500,
    "quantityUnit": "g",
    "comparisonUnit": "kg",
    "comparisonPrice": 25.9,
    "brand": "Allfrukt",
    "imageUrl": "//static.mathem.se/shared/images/products/small/morotter-500g-klass1-1.jpg",
    "category": "Frukt & Grönt",
    "ean": "7311041043240",
    "store": "Mathem",
    "discount": null
  },
  {
    "productName": "Babyspenat Färdigsköljd",
    "price": 22.95,
    "quantity": 65,
    "quantityUnit": "g",
    "comparisonUnit": "kg",
    "comparisonPrice": 353.08,
    "brand": "Greenest",
    "imageUrl": "//static.mathem.se/shared/images/products/small/babyspenat-fardigskoljd-65g-klass1.jpg",
    "category": "Frukt & Grönt",
    "ean": "7330583993318",
    "store": "Mathem",
    "discount": {
      "discountType": "MIX_MATCH",
      "quantityToBeBought": 2,
      "displayPrice": 22.95,
      "savings": 2.95,
      "percentageSavings": 12,
      "isMemberDiscount": false
    }
  },
  {
    "productName": "Salladsmix nr.5 EKO Färdigsköljd",
    "price": 24.95,
    "quantity": 65,
    "quantityUnit": "g",
    "comparisonUnit": "kg",
    "comparisonPrice": 383.85,
    "brand": "Greenest",
    "imageUrl": "//static.mathem.se/shared/images/products/small/salladsmix-nr-5-eko-65g-fardigskoljd-klass1.jpg",
    "category": "Frukt & Grönt",
    "ean": "7330583993325",
    "store": "Mathem",
    "discount": {
      "discountType": "PRODUCT_DISCOUNT",
      "quantityToBeBought": 1,
      "displayPrice": 24.95,
      "savings": 9.95,
      "percentageSavings": 39,
      "isMemberDiscount": false
    }
  },
  {
    "productName": "Cocktailtomater",
    "price": 24.95,
    "quantity": 250,
    "quantityUnit": "g",
    "comparisonUnit": "kg",
    "comparisonPrice": 99.8,
    "brand": "Allfrukt",
    "imageUrl": "//static.mathem.se/shared/images/products/small/cocktailtomater-250g-klass1-2.jpg",
    "category": "Frukt & Grönt",
    "ean": "7311041045084",
    "store": "Mathem",
    "discount": {
      "discountType": "MULTI_DISCOUNT",
      "quantityToBeBought": 2,
      "displayPrice": 24.95,
      "savings": 2.45,
      "percentageSavings": 9,
      "isMemberDiscount": false
    }
  },
  {
    "productName": "Kvisttomater 500g Klass1",
    "price": 29.95,
    "quantity": 500,
    "quantityUnit": "g",
    "comparisonUnit": "kg",
    "comparisonPrice": 59.9,
    "brand": "Allfrukt",
    "imageUrl": "//static.mathem.se/shared/images/products/small/kvisttomater-500g-klass1-2.jpg",
    "category": "Frukt & Grönt",
    "ean": "4807",
    "store": "Mathem",
    "discount": null
  },
  {
    "productName": "Romansallad Klass1",
    "price": 14.95,
    "quantity": 250,
    "quantityUnit": "g",
    "comparisonUnit": "kg",
    "comparisonPrice": 59.8,
    "brand": "Allfrukt",
    "imageUrl": "//static.mathem.se/shared/images/products/small/romansallad-klass1-2.jpg",
    "category": "Frukt & Grönt",
    "ean": "7394048580123",
    "store": "Mathem",
    "discount": null
  },
  {
    "productName": "Feta",
    "price": 26.95,
    "quantity": 150,
    "quantityUnit": "g",
    "comparisonUnit": "kg",
    "comparisonPrice": 179.67,
    "brand": "Di Luca & Di Luca AB",
    "imageUrl": "//static.mathem.se/shared/images/products/small/07350002402658_c1n1.jpg",
    "category": "Mejeri & Ost",
    "ean": "7350002402658",
    "store": "Mathem",
    "discount": {
      "discountType": "PRODUCT_DISCOUNT",
      "quantityToBeBought": 1,
      "displayPrice": 26.95,
      "savings": 7.95,
      "percentageSavings": 29,
      "isMemberDiscount": false
    }
  },
  {
    "productName": "Mozzarella Michelangelo",
    "price": 15.95,
    "quantity": 125,
    "quantityUnit": "g",
    "comparisonUnit": "kg",
    "comparisonPrice": 127.6,
    "brand": "Wernersson & Co Ost AB",
    "imageUrl": "//static.mathem.se/shared/images/products/small/05420024102019_c1n1.jpg",
    "category": "Mejeri & Ost",
    "ean": "5420024102019",
    "store": "Mathem",
    "discount": {
      "discountType": "MULTI_DISCOUNT",
      "quantityToBeBought": 2,
      "displayPrice": 15.95,
      "savings": 5.95,
      "percentageSavings": 37,
      "isMemberDiscount": false
    }
  },
  {
    "productName": "Gouda Skivad EKO",
    "price": 33.95,
    "quantity": 200,
    "quantityUnit": "g",
    "comparisonUnit": "kg",
    "comparisonPrice": 169.75,
    "brand": "Bergendahls EMV",
    "imageUrl": "//static.mathem.se/shared/images/products/small/07331746202360_c1c1.jpg",
    "category": "Mejeri & Ost",
    "ean": "7331746273674",
    "store": "Mathem",
    "discount": null
  },
  {
    "productName": "Halloumi",
    "price": 34.95,
    "quantity": 200,
    "quantityUnit": "g",
    "comparisonUnit": "kg",
    "comparisonPrice": 174.75,
    "brand": "Fontana Food AB",
    "imageUrl": "//static.mathem.se/shared/images/products/small/07316150974393_c1n1.jpeg.jpg",
    "category": "Mejeri & Ost",
    "ean": "7316150974393",
    "store": "Mathem",
    "discount": null
  },
  {
    "productName": "Parmigiano Reggiano 14M",
    "price": 61.95,
    "quantity": 150,
    "quantityUnit": "g",
    "comparisonUnit": "kg",
    "comparisonPrice": 413,
    "brand": "Di Luca & Di Luca AB",
    "imageUrl": "//static.mathem.se/shared/images/products/small/07350002404317_c1n1.jpg",
    "category": "Mejeri & Ost",
    "ean": "7350002404317",
    "store": "Mathem",
    "discount": null
  },
  {
    "productName": "Herrgård 28%",
    "price": 78,
    "quantity": 700,
    "quantityUnit": "g",
    "comparisonUnit": "kg",
    "comparisonPrice": 111.43,
    "brand": "Arla Foods AB",
    "imageUrl": "//static.mathem.se/shared/images/products/small/02340418100007_c1l1.jpg",
    "category": "Mejeri & Ost",
    "ean": "2340418100007",
    "store": "Mathem",
    "discount": null
  },
  {
    "productName": "Präst Mellan 31%",
    "price": 78,
    "quantity": 700,
    "quantityUnit": "g",
    "comparisonUnit": "kg",
    "comparisonPrice": 111.43,
    "brand": "Arla Foods AB",
    "imageUrl": "//static.mathem.se/shared/images/products/small/02340415200007_c1l1.jpg",
    "category": "Mejeri & Ost",
    "ean": "2340415200007",
    "store": "Mathem",
    "discount": null
  },
  {
    "productName": "Färskost Original 21%",
    "price": 29.95,
    "quantity": 300,
    "quantityUnit": "g",
    "comparisonUnit": "kg",
    "comparisonPrice": 99.83,
    "brand": "Mondelez Sverige AB",
    "imageUrl": "//static.mathem.se/shared/images/products/small/farskost-classic-300g-philadelphia.jpg",
    "category": "Mejeri & Ost",
    "ean": "7310700443698",
    "store": "Mathem",
    "discount": null
  },
  {
    "productName": "Ost Tex Mex 29% Riven",
    "price": 23.95,
    "quantity": 150,
    "quantityUnit": "g",
    "comparisonUnit": "kg",
    "comparisonPrice": 159.67,
    "brand": "Arla Foods AB",
    "imageUrl": "//static.mathem.se/shared/images/products/small/riven-ost-tex-mex-150g-arla-3.jpg",
    "category": "Mejeri & Ost",
    "ean": "7311877015121",
    "store": "Mathem",
    "discount": null
  },
  {
    "productName": "Grana Padano 10M",
    "price": 44.95,
    "quantity": 150,
    "quantityUnit": "g",
    "comparisonUnit": "kg",
    "comparisonPrice": 299.67,
    "brand": "Di Luca & Di Luca AB",
    "imageUrl": "//static.mathem.se/shared/images/products/small/07350002404300_c1n1.jpg",
    "category": "Mejeri & Ost",
    "ean": "7350002404300",
    "store": "Mathem",
    "discount": null
  },
  {
    "productName": "Frö Gott",
    "price": 32.95,
    "quantity": 380,
    "quantityUnit": "g",
    "comparisonUnit": "kg",
    "comparisonPrice": 86.71,
    "brand": "Lantmännen Unibake Sweden AB",
    "imageUrl": "//static.mathem.se/shared/images/products/small/07315060123938_c1l1.jpg",
    "category": "Bröd & Bageri",
    "ean": "7315060123938",
    "store": "Mathem",
    "discount": null
  },
  {
    "productName": "Skärgårdskaka Hönö",
    "price": 37.95,
    "quantity": 750,
    "quantityUnit": "g",
    "comparisonUnit": "kg",
    "comparisonPrice": 50.6,
    "brand": "Pågen",
    "imageUrl": "//static.mathem.se/shared/images/products/small/07311070337297_c1l1.jpg",
    "category": "Bröd & Bageri",
    "ean": "7311070337297",
    "store": "Mathem",
    "discount": null
  },
  {
    "productName": "Roast n Toast",
    "price": 36.95,
    "quantity": 800,
    "quantityUnit": "g",
    "comparisonUnit": "kg",
    "comparisonPrice": 46.19,
    "brand": "Pågen",
    "imageUrl": "//static.mathem.se/shared/images/products/small/07311070336160_c1l1.jpg",
    "category": "Bröd & Bageri",
    "ean": "7311070336160",
    "store": "Mathem",
    "discount": {
      "discountType": "PRODUCT_DISCOUNT",
      "quantityToBeBought": 1,
      "displayPrice": 36.95,
      "savings": 16.95,
      "percentageSavings": 45,
      "isMemberDiscount": false
    }
  },
  {
    "productName": "Lingongrova",
    "price": 26.95,
    "quantity": 500,
    "quantityUnit": "g",
    "comparisonUnit": "kg",
    "comparisonPrice": 53.9,
    "brand": "Pågen",
    "imageUrl": "//static.mathem.se/shared/images/products/small/07311071330525_c1l1.jpg",
    "category": "Bröd & Bageri",
    "ean": "7311071330525",
    "store": "Mathem",
    "discount": null
  },
  {
    "productName": "Sarek",
    "price": 29.95,
    "quantity": 375,
    "quantityUnit": "g",
    "comparisonUnit": "kg",
    "comparisonPrice": 79.87,
    "brand": "Polfärskt Bröd AB",
    "imageUrl": "//static.mathem.se/shared/images/products/small/sarek-375g-polarbrod-1.jpg",
    "category": "Bröd & Bageri",
    "ean": "7311800640109",
    "store": "Mathem",
    "discount": null
  },
  {
    "productName": "Lantgoda Surdegsbröd",
    "price": 38.95,
    "quantity": 650,
    "quantityUnit": "g",
    "comparisonUnit": "kg",
    "comparisonPrice": 59.92,
    "brand": "Pågen",
    "imageUrl": "//static.mathem.se/shared/images/products/small/07311070008494_c1l1.jpg",
    "category": "Bröd & Bageri",
    "ean": "7311070008494",
    "store": "Mathem",
    "discount": null
  },
  {
    "productName": "Pågenlimpan",
    "price": 35.95,
    "quantity": 900,
    "quantityUnit": "g",
    "comparisonUnit": "kg",
    "comparisonPrice": 39.94,
    "brand": "Pågen",
    "imageUrl": "//static.mathem.se/shared/images/products/small/07311070338188_c1l1.jpg",
    "category": "Bröd & Bageri",
    "ean": "7311070338188",
    "store": "Mathem",
    "discount": null
  },
  {
    "productName": "Frökusar 6-p",
    "price": 34.95,
    "quantity": 480,
    "quantityUnit": "g",
    "comparisonUnit": "kg",
    "comparisonPrice": 72.81,
    "brand": "Fazer Bageri AB",
    "imageUrl": "//static.mathem.se/shared/images/products/small/frokusar-6-p-480g-fazer.jpg",
    "category": "Bröd & Bageri",
    "ean": "7314871990005",
    "store": "Mathem",
    "discount": {
      "discountType": "PRODUCT_DISCOUNT",
      "quantityToBeBought": 1,
      "displayPrice": 34.95,
      "savings": 5.95,
      "percentageSavings": 17,
      "isMemberDiscount": false
    }
  },
  {
    "productName": "Levain",
    "price": 39.95,
    "quantity": 650,
    "quantityUnit": "g",
    "comparisonUnit": "kg",
    "comparisonPrice": 61.46,
    "brand": "Pågen",
    "imageUrl": "//static.mathem.se/shared/images/products/small/levain-650g-pagen-1.jpg",
    "category": "Bröd & Bageri",
    "ean": "7311070008159",
    "store": "Mathem",
    "discount": null
  },
  {
    "productName": "Skogaholmslimpa Skivad",
    "price": 25.95,
    "quantity": 775,
    "quantityUnit": "g",
    "comparisonUnit": "kg",
    "comparisonPrice": 33.48,
    "brand": "Fazer Bageri AB",
    "imageUrl": "//static.mathem.se/shared/images/products/small/skogaholmslimpa-skivad-775g-skogaholm-1.jpg",
    "category": "Bröd & Bageri",
    "ean": "7312200010110",
    "store": "Mathem",
    "discount": null
  },
  {
    "productName": "Leverpastej Ugnsbakad",
    "price": 16.95,
    "quantity": 200,
    "quantityUnit": "g",
    "comparisonUnit": "kg",
    "comparisonPrice": 84.75,
    "brand": "HK Scan Kött",
    "imageUrl": "//static.mathem.se/shared/images/products/small/07300206303008_c1l1.jpg",
    "category": "Kött & Chark",
    "ean": "7300206303008",
    "store": "Mathem",
    "discount": {
      "discountType": "PRODUCT_DISCOUNT",
      "quantityToBeBought": 1,
      "displayPrice": 16.95,
      "savings": 2.95,
      "percentageSavings": 17,
      "isMemberDiscount": false
    }
  },
  {
    "productName": "Emilskinka Rökt",
    "price": 28.95,
    "quantity": 120,
    "quantityUnit": "g",
    "comparisonUnit": "kg",
    "comparisonPrice": 241.25,
    "brand": "HK Scan Kött",
    "imageUrl": "//static.mathem.se/shared/images/products/small/07330797077149_c1n1.jpg",
    "category": "Kött & Chark",
    "ean": "7330797077149",
    "store": "Mathem",
    "discount": null
  },
  {
    "productName": "Gourmetskinka Rökt",
    "price": 30.95,
    "quantity": 200,
    "quantityUnit": "g",
    "comparisonUnit": "kg",
    "comparisonPrice": 154.75,
    "brand": "HK Scan Kött",
    "imageUrl": "//static.mathem.se/shared/images/products/small/07330797088794_c1l1.jpg",
    "category": "Kött & Chark",
    "ean": "7330797088794",
    "store": "Mathem",
    "discount": null
  },
  {
    "productName": "Kokt Emilskinka",
    "price": 28.95,
    "quantity": 120,
    "quantityUnit": "g",
    "comparisonUnit": "kg",
    "comparisonPrice": 241.25,
    "brand": "HK Scan Kött",
    "imageUrl": "//static.mathem.se/shared/images/products/small/emilskinka-kokt-120g-parsons.jpg",
    "category": "Kött & Chark",
    "ean": "7330797077132",
    "store": "Mathem",
    "discount": null
  },
  {
    "productName": "Kalkon Rökt Skivad",
    "price": 36.95,
    "quantity": 200,
    "quantityUnit": "g",
    "comparisonUnit": "kg",
    "comparisonPrice": 184.75,
    "brand": "HK Scan Kött",
    "imageUrl": "//static.mathem.se/shared/images/products/small/07330797088954_c1l1.jpg",
    "category": "Kött & Chark",
    "ean": "7330797088954",
    "store": "Mathem",
    "discount": null
  },
  {
    "productName": "Hushållsmedwurst Tunnskivad",
    "price": 26.95,
    "quantity": 200,
    "quantityUnit": "g",
    "comparisonUnit": "kg",
    "comparisonPrice": 134.75,
    "brand": "HK Scan Kött",
    "imageUrl": "//static.mathem.se/shared/images/products/small/07330797088879_c1l1.jpeg.jpg",
    "category": "Kött & Chark",
    "ean": "7330797088879",
    "store": "Mathem",
    "discount": null
  },
  {
    "productName": "Grillad Kyckling",
    "price": 28.95,
    "quantity": 100,
    "quantityUnit": "g",
    "comparisonUnit": "kg",
    "comparisonPrice": 289.5,
    "brand": "Br Nilsson Delikatesser AB",
    "imageUrl": "//static.mathem.se/shared/images/products/small/07340023803527_c1n1.jpg",
    "category": "Kött & Chark",
    "ean": "7340023803527",
    "store": "Mathem",
    "discount": null
  },
  {
    "productName": "Skinka Basturökt",
    "price": 28.95,
    "quantity": 120,
    "quantityUnit": "g",
    "comparisonUnit": "kg",
    "comparisonPrice": 241.25,
    "brand": "Br Nilsson Delikatesser AB",
    "imageUrl": "//static.mathem.se/shared/images/products/small/07340023803213_c1n1.jpg",
    "category": "Kött & Chark",
    "ean": "7340023803213",
    "store": "Mathem",
    "discount": null
  },
  {
    "productName": "Cognacsmedwurst Tunnskivad",
    "price": 26.95,
    "quantity": 200,
    "quantityUnit": "g",
    "comparisonUnit": "kg",
    "comparisonPrice": 134.75,
    "brand": "HK Scan Kött",
    "imageUrl": "//static.mathem.se/shared/images/products/small/07330797088855_c1l1.jpg",
    "category": "Kött & Chark",
    "ean": "7330797088855",
    "store": "Mathem",
    "discount": null
  },
  {
    "productName": "Bror Jakobs Gallerrökta Skinka",
    "price": 29.95,
    "quantity": 120,
    "quantityUnit": "g",
    "comparisonUnit": "kg",
    "comparisonPrice": 249.58,
    "brand": "AB Jakobsdals Charkuteri",
    "imageUrl": "//static.mathem.se/shared/images/products/small/07391196007557_c1n1.jpeg.jpg",
    "category": "Kött & Chark",
    "ean": "7391196007557",
    "store": "Mathem",
    "discount": null
  },
  {
    "productName": "Coca-Cola Zero Sugar 1,5L",
    "price": 20.95,
    "quantity": 1.5,
    "quantityUnit": "l",
    "comparisonUnit": "l",
    "comparisonPrice": 13.97,
    "brand": "Coca Cola Enterprises Sverige AB",
    "imageUrl": "//static.mathem.se/shared/images/products/small/coca-cola-zero-sugar-1-5l-1.jpg",
    "category": "Dryck",
    "ean": "5449000133335",
    "store": "Mathem",
    "discount": {
      "discountType": "MIX_MATCH",
      "quantityToBeBought": 2,
      "displayPrice": 20.95,
      "savings": 5.45,
      "percentageSavings": 23,
      "isMemberDiscount": false
    }
  },
  {
    "productName": "Coca-Cola Zero Sugar 20x33cl",
    "price": 149,
    "quantity": 660,
    "quantityUnit": "cl",
    "comparisonUnit": "l",
    "comparisonPrice": 22.58,
    "brand": "Coca Cola Enterprises Sverige AB",
    "imageUrl": "//static.mathem.se/shared/images/products/small/05449000259240_c1l1.jpg",
    "category": "Dryck",
    "ean": "5449000259240",
    "store": "Mathem",
    "discount": null
  },
  {
    "productName": "Coca-Cola 20x33cl",
    "price": 149,
    "quantity": 660,
    "quantityUnit": "cl",
    "comparisonUnit": "l",
    "comparisonPrice": 22.58,
    "brand": "Coca Cola Enterprises Sverige AB",
    "imageUrl": "//static.mathem.se/shared/images/products/small/05449000259233_c1l1.jpg",
    "category": "Dryck",
    "ean": "5449000259233",
    "store": "Mathem",
    "discount": null
  },
  {
    "productName": "Pepsi Max 24x33cl",
    "price": 105,
    "quantity": 792,
    "quantityUnit": "cl",
    "comparisonUnit": "l",
    "comparisonPrice": 13.26,
    "brand": "Carlsberg Sverige AB",
    "imageUrl": "//static.mathem.se/shared/images/products/small/07310074000299_c1l1.jpg",
    "category": "Dryck",
    "ean": "7310074000299",
    "store": "Mathem",
    "discount": null
  },
  {
    "productName": "Coca-Cola 1,5L",
    "price": 20.95,
    "quantity": 1.5,
    "quantityUnit": "l",
    "comparisonUnit": "l",
    "comparisonPrice": 13.97,
    "brand": "Coca Cola Enterprises Sverige AB",
    "imageUrl": "//static.mathem.se/shared/images/products/small/05449000000439_c1n1.jpg",
    "category": "Dryck",
    "ean": "5449000000439",
    "store": "Mathem",
    "discount": {
      "discountType": "MIX_MATCH",
      "quantityToBeBought": 2,
      "displayPrice": 20.95,
      "savings": 5.45,
      "percentageSavings": 23,
      "isMemberDiscount": false
    }
  },
  {
    "productName": "Pepsi Max 4x150cl",
    "price": 58.95,
    "quantity": 600,
    "quantityUnit": "cl",
    "comparisonUnit": "l",
    "comparisonPrice": 9.83,
    "brand": "Carlsberg Sverige AB",
    "imageUrl": "//static.mathem.se/shared/images/products/small/pepsi-max-4x150cl-1.jpg",
    "category": "Dryck",
    "ean": "7310074715087",
    "store": "Mathem",
    "discount": null
  },
  {
    "productName": "Coca-Cola 10x33cl",
    "price": 79.95,
    "quantity": 330,
    "quantityUnit": "cl",
    "comparisonUnit": "l",
    "comparisonPrice": 24.23,
    "brand": "Coca Cola Enterprises Sverige AB",
    "imageUrl": "//static.mathem.se/shared/images/products/small/05449000259172_c1l1.jpg",
    "category": "Dryck",
    "ean": "5449000259172",
    "store": "Mathem",
    "discount": null
  },
  {
    "productName": "Pepsi Max 10x33cl",
    "price": 50.95,
    "quantity": 330,
    "quantityUnit": "cl",
    "comparisonUnit": "l",
    "comparisonPrice": 15.44,
    "brand": "Carlsberg Sverige AB",
    "imageUrl": "//static.mathem.se/shared/images/products/small/07310074776644_c1r1.jpg",
    "category": "Dryck",
    "ean": "7310074776644",
    "store": "Mathem",
    "discount": null
  },
  {
    "productName": "Coca-Cola Zero Sugar 10x33cl",
    "price": 79.95,
    "quantity": 330,
    "quantityUnit": "cl",
    "comparisonUnit": "l",
    "comparisonPrice": 24.23,
    "brand": "Coca Cola Enterprises Sverige AB",
    "imageUrl": "//static.mathem.se/shared/images/products/small/coca-cola-zero-sugar-10x33cl.jpg",
    "category": "Dryck",
    "ean": "5449000259189",
    "store": "Mathem",
    "discount": null
  },
  {
    "productName": "Coca-Cola Zero Sugar",
    "price": 23.95,
    "quantity": 2,
    "quantityUnit": "l",
    "comparisonUnit": "l",
    "comparisonPrice": 11.98,
    "brand": "Coca Cola Enterprises Sverige AB",
    "imageUrl": "//static.mathem.se/shared/images/products/small/coca-cola-zero-sugar-2l-1.jpg",
    "category": "Dryck",
    "ean": "5449000131843",
    "store": "Mathem",
    "discount": null
  },
  {
    "productName": "Majs 3x150g",
    "price": 28.95,
    "quantity": 450,
    "quantityUnit": "g",
    "comparisonUnit": "kg",
    "comparisonPrice": 64.33,
    "brand": "Bonduelle Northern Europe",
    "imageUrl": "//static.mathem.se/shared/images/products/small/majs-3x150g-bonduelle-2.jpg",
    "category": "Skafferi",
    "ean": "3083681127621",
    "store": "Mathem",
    "discount": null
  },
  {
    "productName": "Kokosmjölk",
    "price": 17.95,
    "quantity": 250,
    "quantityUnit": "ml",
    "comparisonUnit": "l",
    "comparisonPrice": 71.8,
    "brand": "Santa Maria AB",
    "imageUrl": "//static.mathem.se/shared/images/products/small/kokosmjolk-250ml-santa-maria.jpg",
    "category": "Skafferi",
    "ean": "7311312005458",
    "store": "Mathem",
    "discount": null
  },
  {
    "productName": "Krossade Tomater",
    "price": 11.95,
    "quantity": 390,
    "quantityUnit": "g",
    "comparisonUnit": "kg",
    "comparisonPrice": 30.64,
    "brand": "Bergendahls EMV",
    "imageUrl": "//static.mathem.se/shared/images/products/small/07331746173370_c1l1.jpg",
    "category": "Skafferi",
    "ean": "7331746173370",
    "store": "Mathem",
    "discount": {
      "discountType": "MULTI_DISCOUNT",
      "quantityToBeBought": 3,
      "displayPrice": 11.95,
      "savings": 2.95,
      "percentageSavings": 24,
      "isMemberDiscount": false
    }
  },
  {
    "productName": "Krossade Tomater EKO",
    "price": 13.95,
    "quantity": 390,
    "quantityUnit": "g",
    "comparisonUnit": "kg",
    "comparisonPrice": 35.77,
    "brand": "Bergendahls EMV",
    "imageUrl": "//static.mathem.se/shared/images/products/small/07331746173417_c1l1.jpg",
    "category": "Skafferi",
    "ean": "7331746173417",
    "store": "Mathem",
    "discount": {
      "discountType": "MULTI_DISCOUNT",
      "quantityToBeBought": 3,
      "displayPrice": 13.95,
      "savings": 2.95,
      "percentageSavings": 21,
      "isMemberDiscount": false
    }
  },
  {
    "productName": "Soltorkade Tomater Strimlade",
    "price": 35.95,
    "quantity": 200,
    "quantityUnit": "g",
    "comparisonUnit": "kg",
    "comparisonPrice": 179.75,
    "brand": "Di Luca & Di Luca AB",
    "imageUrl": "//static.mathem.se/shared/images/products/small/07350002400555_c1n1.jpeg.jpg",
    "category": "Skafferi",
    "ean": "7350002400555",
    "store": "Mathem",
    "discount": null
  },
  {
    "productName": "Majs EKO 2x150g",
    "price": 23.95,
    "quantity": 300,
    "quantityUnit": "g",
    "comparisonUnit": "kg",
    "comparisonPrice": 79.83,
    "brand": "Bergendahls EMV",
    "imageUrl": "//static.mathem.se/shared/images/products/small/07331746202476_c1c1.jpg",
    "category": "Skafferi",
    "ean": "7331746282515",
    "store": "Mathem",
    "discount": null
  },
  {
    "productName": "Smörgåsgurka Skivad",
    "price": 24.95,
    "quantity": 715,
    "quantityUnit": "g",
    "comparisonUnit": "kg",
    "comparisonPrice": 34.9,
    "brand": "Orkla Foods Sverige AB",
    "imageUrl": "//static.mathem.se/shared/images/products/small/07310240150131_c1n1.jpg",
    "category": "Skafferi",
    "ean": "7310240150131",
    "store": "Mathem",
    "discount": null
  },
  {
    "productName": "Pesto Genovese",
    "price": 36.95,
    "quantity": 200,
    "quantityUnit": "g",
    "comparisonUnit": "kg",
    "comparisonPrice": 184.75,
    "brand": "Di Luca & Di Luca AB",
    "imageUrl": "//static.mathem.se/shared/images/products/small/00000073517573_c1n1.jpg",
    "category": "Skafferi",
    "ean": "73517573",
    "store": "Mathem",
    "discount": null
  },
  {
    "productName": "Tomater Passerade",
    "price": 11.95,
    "quantity": 390,
    "quantityUnit": "g",
    "comparisonUnit": "kg",
    "comparisonPrice": 30.64,
    "brand": "Bergendahls EMV",
    "imageUrl": "//static.mathem.se/shared/images/products/small/07331746173363_c1l1.jpg",
    "category": "Skafferi",
    "ean": "7331746173363",
    "store": "Mathem",
    "discount": {
      "discountType": "MULTI_DISCOUNT",
      "quantityToBeBought": 3,
      "displayPrice": 11.95,
      "savings": 2.95,
      "percentageSavings": 24,
      "isMemberDiscount": false
    }
  },
  {
    "productName": "Kokosmjölk",
    "price": 16.95,
    "quantity": 400,
    "quantityUnit": "ml",
    "comparisonUnit": "l",
    "comparisonPrice": 42.37,
    "brand": "Bergendahls EMV",
    "imageUrl": "//static.mathem.se/shared/images/products/small/07331746241826_c1c1.jpg",
    "category": "Skafferi",
    "ean": "7331746241826",
    "store": "Mathem",
    "discount": null
  },
  {
    "productName": "Regnbågslaxfilé Fryst 4x100g Fisherman",
    "price": 65.95,
    "quantity": 400,
    "quantityUnit": "g",
    "comparisonUnit": "kg",
    "comparisonPrice": 164.88,
    "brand": "Food 4 You I Hässleholm AB",
    "imageUrl": "//static.mathem.se/shared/images/products/small/07350011740147_1.jpg",
    "category": "Fisk & Skaldjur",
    "ean": "7350011740147",
    "store": "Mathem",
    "discount": null
  },
  {
    "productName": "Laxfilé Fryst",
    "price": 86.95,
    "quantity": 500,
    "quantityUnit": "g",
    "comparisonUnit": "kg",
    "comparisonPrice": 173.9,
    "brand": "Feldt's",
    "imageUrl": "//static.mathem.se/shared/images/products/small/laxfile-fryst-500g-feldt-s-7.jpg",
    "category": "Fisk & Skaldjur",
    "ean": "7392497008205",
    "store": "Mathem",
    "discount": {
      "discountType": "PRODUCT_DISCOUNT",
      "quantityToBeBought": 1,
      "displayPrice": 86.95,
      "savings": 17.95,
      "percentageSavings": 20,
      "isMemberDiscount": false
    }
  },
  {
    "productName": "Laxfilé Naturell ASC Fryst",
    "price": 123,
    "quantity": 500,
    "quantityUnit": "g",
    "comparisonUnit": "kg",
    "comparisonPrice": 246,
    "brand": "Findus.",
    "imageUrl": "//static.mathem.se/shared/images/products/small/laxfile-naturell-asc-fryst-500g-findus.jpg",
    "category": "Fisk & Skaldjur",
    "ean": "7310500179506",
    "store": "Mathem",
    "discount": null
  },
  {
    "productName": "Torskfile Block MSC Fryst",
    "price": 45.95,
    "quantity": 400,
    "quantityUnit": "g",
    "comparisonUnit": "kg",
    "comparisonPrice": 114.88,
    "brand": "Feldt's",
    "imageUrl": "//static.mathem.se/shared/images/products/small/fryst-400g-feldts.jpg",
    "category": "Fisk & Skaldjur",
    "ean": "7392497008182",
    "store": "Mathem",
    "discount": {
      "discountType": "MULTI_DISCOUNT",
      "quantityToBeBought": 2,
      "displayPrice": 45.95,
      "savings": 5.95,
      "percentageSavings": 12,
      "isMemberDiscount": false
    }
  },
  {
    "productName": "Torskrygg MSC Fryst",
    "price": 105,
    "quantity": 600,
    "quantityUnit": "g",
    "comparisonUnit": "kg",
    "comparisonPrice": 175,
    "brand": "Feldt's",
    "imageUrl": "//static.mathem.se/shared/images/products/small/torskrygg-600g-feldt-s.jpg",
    "category": "Fisk & Skaldjur",
    "ean": "7392497008298",
    "store": "Mathem",
    "discount": null
  },
  {
    "productName": "Torskfilé Fryst",
    "price": 60.95,
    "quantity": 375,
    "quantityUnit": "g",
    "comparisonUnit": "kg",
    "comparisonPrice": 162.53,
    "brand": "Findus.",
    "imageUrl": "//static.mathem.se/shared/images/products/small/07310500123219_c1c1.jpg",
    "category": "Fisk & Skaldjur",
    "ean": "7310500123219",
    "store": "Mathem",
    "discount": {
      "discountType": "PRODUCT_DISCOUNT",
      "quantityToBeBought": 1,
      "displayPrice": 60.95,
      "savings": 15.95,
      "percentageSavings": 26,
      "isMemberDiscount": false
    }
  },
  {
    "productName": "Laxbitar Fryst 4x100g Fisherman",
    "price": 49.95,
    "quantity": 400,
    "quantityUnit": "g",
    "comparisonUnit": "kg",
    "comparisonPrice": 124.88,
    "brand": "Food 4 You I Hässleholm AB",
    "imageUrl": "//static.mathem.se/shared/images/products/small/07350011740017_C1N1.jpeg",
    "category": "Fisk & Skaldjur",
    "ean": "7350011740017",
    "store": "Mathem",
    "discount": null
  },
  {
    "productName": "Torskryggfilé Fryst MSC-märkt",
    "price": 103,
    "quantity": 450,
    "quantityUnit": "g",
    "comparisonUnit": "kg",
    "comparisonPrice": 228.89,
    "brand": "Findus.",
    "imageUrl": "//static.mathem.se/shared/images/products/small/07310500107882_c1c1.jpg",
    "category": "Fisk & Skaldjur",
    "ean": "7310500107882",
    "store": "Mathem",
    "discount": null
  },
  {
    "productName": "Tonfisk Filébitar i Vatten MSC",
    "price": 28.95,
    "quantity": 200,
    "quantityUnit": "g",
    "comparisonUnit": "kg",
    "comparisonPrice": 144.75,
    "brand": "Orkla Foods Sverige AB",
    "imageUrl": "//static.mathem.se/shared/images/products/small/07311171007013_c1c1.jpg",
    "category": "Fisk & Skaldjur",
    "ean": "7311171007013",
    "store": "Mathem",
    "discount": null
  },
  {
    "productName": "Tonfisk Vatten 3x95g MSC-märkt",
    "price": 44.95,
    "quantity": 285,
    "quantityUnit": "g",
    "comparisonUnit": "kg",
    "comparisonPrice": 157.72,
    "brand": "Orkla Foods Sverige AB",
    "imageUrl": "//static.mathem.se/shared/images/products/small/07311171007105_g1c1.jpg",
    "category": "Fisk & Skaldjur",
    "ean": "7311171007105",
    "store": "Mathem",
    "discount": null
  },
  {
    "productName": "Avfallspåsar Grå 30L 25-p",
    "price": 29.95,
    "quantity": 25,
    "quantityUnit": "st",
    "comparisonUnit": "st",
    "comparisonPrice": 1.2,
    "brand": "Bergendahls EMV",
    "imageUrl": "//static.mathem.se/shared/images/products/small/07331746227035_c1n1.jpg",
    "category": "Hem & Hushåll",
    "ean": "7331746227035",
    "store": "Mathem",
    "discount": null
  },
  {
    "productName": "Avfallspåsar Turkos 30L 25-p",
    "price": 29.95,
    "quantity": 25,
    "quantityUnit": "st",
    "comparisonUnit": "st",
    "comparisonPrice": 1.2,
    "brand": "Bergendahls EMV",
    "imageUrl": "//static.mathem.se/shared/images/products/small/avfallspasar-turkos-30l-25-p-favorit.jpg",
    "category": "Hem & Hushåll",
    "ean": "7331746227202",
    "store": "Mathem",
    "discount": null
  },
  {
    "productName": "Avfallspåsar med Knytband 30L 20-p",
    "price": 24.95,
    "quantity": 20,
    "quantityUnit": "st",
    "comparisonUnit": "st",
    "comparisonPrice": 1.25,
    "brand": "Clas Ohlson AB",
    "imageUrl": "//static.mathem.se/shared/images/products/small/avfallspasar-20-p-clas-ohlson.jpg",
    "category": "Hem & Hushåll",
    "ean": "7393173369290",
    "store": "Mathem",
    "discount": null
  },
  {
    "productName": "Diskmaskintablett Original All In One 110-p",
    "price": 145,
    "quantity": 110,
    "quantityUnit": "st",
    "comparisonUnit": "st",
    "comparisonPrice": 1.32,
    "brand": "P&G",
    "imageUrl": "//static.mathem.se/shared/images/products/small/08001841978314_C1N1.jpeg",
    "category": "Hem & Hushåll",
    "ean": "8001841978314",
    "store": "Mathem",
    "discount": null
  },
  {
    "productName": "Wettexduk Färg 4-p",
    "price": 19.95,
    "quantity": 4,
    "quantityUnit": "st",
    "comparisonUnit": "st",
    "comparisonPrice": 19.95,
    "brand": "Freudenberg Household Products A",
    "imageUrl": "//static.mathem.se/shared/images/products/small/wettexduk-farg-4-p-vileda.jpg",
    "category": "Hem & Hushåll",
    "ean": "7391704800144",
    "store": "Mathem",
    "discount": null
  },
  {
    "productName": "Diskmedel Original",
    "price": 28.95,
    "quantity": 650,
    "quantityUnit": "ml",
    "comparisonUnit": "l",
    "comparisonPrice": 44.54,
    "brand": "P&G",
    "imageUrl": "//static.mathem.se/shared/images/products/small/diskmedel-original-650ml-yes.jpg",
    "category": "Hem & Hushåll",
    "ean": "4015600444402",
    "store": "Mathem",
    "discount": null
  },
  {
    "productName": "Aktiv-Gel Marine",
    "price": 26.95,
    "quantity": 750,
    "quantityUnit": "ml",
    "comparisonUnit": "l",
    "comparisonPrice": 35.93,
    "brand": "Sc Johnson - Sweden AB",
    "imageUrl": "//static.mathem.se/shared/images/products/small/marine-wc-rengoring-750ml-wc-duck-1578909153.jpg",
    "category": "Hem & Hushåll",
    "ean": "5000204783483",
    "store": "Mathem",
    "discount": null
  },
  {
    "productName": "Diskmedel Natur",
    "price": 23.95,
    "quantity": 500,
    "quantityUnit": "ml",
    "comparisonUnit": "l",
    "comparisonPrice": 47.9,
    "brand": "Orkla Care AB",
    "imageUrl": "//static.mathem.se/shared/images/products/small/07310610010973_c1n1.jpg",
    "category": "Hem & Hushåll",
    "ean": "7310610010973",
    "store": "Mathem",
    "discount": {
      "discountType": "MULTI_DISCOUNT",
      "quantityToBeBought": 2,
      "displayPrice": 23.95,
      "savings": 4.45,
      "percentageSavings": 18,
      "isMemberDiscount": false
    }
  },
  {
    "productName": "Disktrasa 10-p",
    "price": 39.95,
    "quantity": 10,
    "quantityUnit": "st",
    "comparisonUnit": "st",
    "comparisonPrice": 39.95,
    "brand": "Clas Ohlson AB",
    "imageUrl": "//static.mathem.se/shared/images/products/small/disktrasa-10-p-clas-ohlson.jpg",
    "category": "Hem & Hushåll",
    "ean": "7393173234581",
    "store": "Mathem",
    "discount": null
  },
  {
    "productName": "Spolglans",
    "price": 37.95,
    "quantity": 500,
    "quantityUnit": "ml",
    "comparisonUnit": "l",
    "comparisonPrice": 75.9,
    "brand": "Reckitt Benckiser (Scandinavia) A/S",
    "imageUrl": "//static.mathem.se/shared/images/products/small/05701092100344_c1n1.jpeg.jpg",
    "category": "Hem & Hushåll",
    "ean": "5701092100344",
    "store": "Mathem",
    "discount": null
  },
  {
    "productName": "Köttbullar med Potatismos Fryst",
    "price": 31.95,
    "quantity": 400,
    "quantityUnit": "g",
    "comparisonUnit": "kg",
    "comparisonPrice": 79.88,
    "brand": "Findus.",
    "imageUrl": "//static.mathem.se/shared/images/products/small/kottbullar-med-potatismos-2.jpg",
    "category": "Färdigmat & Mellanmål",
    "ean": "7310500040141",
    "store": "Mathem",
    "discount": {
      "discountType": "MULTI_DISCOUNT",
      "quantityToBeBought": 2,
      "displayPrice": 31.95,
      "savings": 3.95,
      "percentageSavings": 12,
      "isMemberDiscount": false
    }
  },
  {
    "productName": "Karins Lasagne Fryst",
    "price": 26.95,
    "quantity": 390,
    "quantityUnit": "g",
    "comparisonUnit": "kg",
    "comparisonPrice": 69.1,
    "brand": "Dafgård Gunnar AB",
    "imageUrl": "//static.mathem.se/shared/images/products/small/07310960016489_g1r1.jpeg.jpg",
    "category": "Färdigmat & Mellanmål",
    "ean": "7310960016489",
    "store": "Mathem",
    "discount": {
      "discountType": "MULTI_DISCOUNT",
      "quantityToBeBought": 2,
      "displayPrice": 26.95,
      "savings": 2.45,
      "percentageSavings": 9,
      "isMemberDiscount": false
    }
  },
  {
    "productName": "Kalops Fryst",
    "price": 27.95,
    "quantity": 400,
    "quantityUnit": "g",
    "comparisonUnit": "kg",
    "comparisonPrice": 69.88,
    "brand": "Dafgård Gunnar AB",
    "imageUrl": "//static.mathem.se/shared/images/products/small/07310960648147_c1r1.jpg",
    "category": "Färdigmat & Mellanmål",
    "ean": "7310960648147",
    "store": "Mathem",
    "discount": {
      "discountType": "MULTI_DISCOUNT",
      "quantityToBeBought": 2,
      "displayPrice": 27.95,
      "savings": 3.45,
      "percentageSavings": 12,
      "isMemberDiscount": false
    }
  },
  {
    "productName": "Kycklingfilé Rostad Fryst",
    "price": 31.95,
    "quantity": 390,
    "quantityUnit": "g",
    "comparisonUnit": "kg",
    "comparisonPrice": 81.92,
    "brand": "Findus.",
    "imageUrl": "//static.mathem.se/shared/images/products/small/07310500109107_g1n1.jpeg.jpg",
    "category": "Färdigmat & Mellanmål",
    "ean": "7310500109107",
    "store": "Mathem",
    "discount": {
      "discountType": "MULTI_DISCOUNT",
      "quantityToBeBought": 2,
      "displayPrice": 31.95,
      "savings": 3.95,
      "percentageSavings": 12,
      "isMemberDiscount": false
    }
  },
  {
    "productName": "Risgrynsgröt",
    "price": 11.95,
    "quantity": 500,
    "quantityUnit": "g",
    "comparisonUnit": "kg",
    "comparisonPrice": 23.9,
    "brand": "Orkla Foods Sverige AB",
    "imageUrl": "//static.mathem.se/shared/images/products/small/risgrynsgrot-500g-felix-5.jpg",
    "category": "Färdigmat & Mellanmål",
    "ean": "7310090755692",
    "store": "Mathem",
    "discount": null
  },
  {
    "productName": "Fläskschnitzel Fryst",
    "price": 27.95,
    "quantity": 420,
    "quantityUnit": "g",
    "comparisonUnit": "kg",
    "comparisonPrice": 66.55,
    "brand": "Dafgård Gunnar AB",
    "imageUrl": "//static.mathem.se/shared/images/products/small/07310960016496_c1r1.jpg",
    "category": "Färdigmat & Mellanmål",
    "ean": "7310960016496",
    "store": "Mathem",
    "discount": {
      "discountType": "MULTI_DISCOUNT",
      "quantityToBeBought": 2,
      "displayPrice": 27.95,
      "savings": 3.45,
      "percentageSavings": 12,
      "isMemberDiscount": false
    }
  },
  {
    "productName": "Ostschnitzel med Bearnaise Fryst",
    "price": 31.95,
    "quantity": 390,
    "quantityUnit": "g",
    "comparisonUnit": "kg",
    "comparisonPrice": 81.92,
    "brand": "Findus.",
    "imageUrl": "//static.mathem.se/shared/images/products/small/07310500040110_g1n1.jpeg.jpg",
    "category": "Färdigmat & Mellanmål",
    "ean": "7310500040110",
    "store": "Mathem",
    "discount": {
      "discountType": "MULTI_DISCOUNT",
      "quantityToBeBought": 2,
      "displayPrice": 31.95,
      "savings": 3.95,
      "percentageSavings": 12,
      "isMemberDiscount": false
    }
  },
  {
    "productName": "Grillad Angusbiff med Pommes Stripes Fryst",
    "price": 31.95,
    "quantity": 380,
    "quantityUnit": "g",
    "comparisonUnit": "kg",
    "comparisonPrice": 84.08,
    "brand": "Findus.",
    "imageUrl": "//static.mathem.se/shared/images/products/small/07310500123714_g1n1.jpeg.jpg",
    "category": "Färdigmat & Mellanmål",
    "ean": "7310500123714",
    "store": "Mathem",
    "discount": {
      "discountType": "MULTI_DISCOUNT",
      "quantityToBeBought": 2,
      "displayPrice": 31.95,
      "savings": 3.95,
      "percentageSavings": 12,
      "isMemberDiscount": false
    }
  },
  {
    "productName": "Pannbiff med Löksky Fryst",
    "price": 31.95,
    "quantity": 400,
    "quantityUnit": "g",
    "comparisonUnit": "kg",
    "comparisonPrice": 79.88,
    "brand": "Findus.",
    "imageUrl": "//static.mathem.se/shared/images/products/small/pannbiff-med-loksky-fryst-400g-findus-108.jpg",
    "category": "Färdigmat & Mellanmål",
    "ean": "7310500040134",
    "store": "Mathem",
    "discount": {
      "discountType": "MULTI_DISCOUNT",
      "quantityToBeBought": 2,
      "displayPrice": 31.95,
      "savings": 3.95,
      "percentageSavings": 12,
      "isMemberDiscount": false
    }
  },
  {
    "productName": "Korv Stroganoff Fryst",
    "price": 27.95,
    "quantity": 400,
    "quantityUnit": "g",
    "comparisonUnit": "kg",
    "comparisonPrice": 69.88,
    "brand": "Dafgård Gunnar AB",
    "imageUrl": "//static.mathem.se/shared/images/products/small/07310960648048_c1r1.jpg",
    "category": "Färdigmat & Mellanmål",
    "ean": "7310960648048",
    "store": "Mathem",
    "discount": null
  },
  {
    "productName": "Lösviktsgodis",
    "price": 99,
    "quantity": 1,
    "quantityUnit": "kg",
    "comparisonUnit": "kg",
    "comparisonPrice": 99,
    "brand": "Mathem",
    "imageUrl": "//static.mathem.se/shared/images/products/small/familjepasen-1kg-karamellkungen-9.jpg",
    "category": "Glass, godis och snacks",
    "ean": "445724037",
    "store": "Mathem",
    "discount": null
  },
  {
    "productName": "Lösviktsgodis",
    "price": 59.95,
    "quantity": 500,
    "quantityUnit": "g",
    "comparisonUnit": "kg",
    "comparisonPrice": 119.9,
    "brand": "Mathem",
    "imageUrl": "//static.mathem.se/shared/images/products/small/familjepasen-500g-karamellkungen-3.jpg",
    "category": "Glass, godis och snacks",
    "ean": "445724737",
    "store": "Mathem",
    "discount": null
  },
  {
    "productName": "Ahlgrens Bilar Original",
    "price": 17.95,
    "quantity": 160,
    "quantityUnit": "g",
    "comparisonUnit": "kg",
    "comparisonPrice": 112.19,
    "brand": "Cloetta Sverige AB",
    "imageUrl": "//static.mathem.se/shared/images/products/small/ahlgrens-bilar-original-160g.jpg",
    "category": "Glass, godis och snacks",
    "ean": "7310350109906",
    "store": "Mathem",
    "discount": null
  },
  {
    "productName": "Gott & Blandat Original",
    "price": 30.95,
    "quantity": 400,
    "quantityUnit": "g",
    "comparisonUnit": "kg",
    "comparisonPrice": 77.38,
    "brand": "Cloetta Sverige AB",
    "imageUrl": "//static.mathem.se/shared/images/products/small/gott-o-blandat-original-400g-malaco-2.jpg",
    "category": "Glass, godis och snacks",
    "ean": "7310350118175",
    "store": "Mathem",
    "discount": null
  },
  {
    "productName": "Dumle Original",
    "price": 29.95,
    "quantity": 220,
    "quantityUnit": "g",
    "comparisonUnit": "kg",
    "comparisonPrice": 136.14,
    "brand": "Fazer Konfektyr AB",
    "imageUrl": "//static.mathem.se/shared/images/products/small/06411401035388_c1n1.jpg",
    "category": "Glass, godis och snacks",
    "ean": "6411401035388",
    "store": "Mathem",
    "discount": null
  },
  {
    "productName": "Polly Original",
    "price": 25.95,
    "quantity": 200,
    "quantityUnit": "g",
    "comparisonUnit": "kg",
    "comparisonPrice": 129.75,
    "brand": "Cloetta Sverige AB",
    "imageUrl": "//static.mathem.se/shared/images/products/small/polly-original-200g-cloetta-3.jpg",
    "category": "Glass, godis och snacks",
    "ean": "7310040034525",
    "store": "Mathem",
    "discount": {
      "discountType": "PRODUCT_DISCOUNT",
      "quantityToBeBought": 1,
      "displayPrice": 25.95,
      "savings": 5.95,
      "percentageSavings": 22,
      "isMemberDiscount": false
    }
  },
  {
    "productName": "Polly Mjölkchoklad",
    "price": 25.95,
    "quantity": 200,
    "quantityUnit": "g",
    "comparisonUnit": "kg",
    "comparisonPrice": 129.75,
    "brand": "Cloetta Sverige AB",
    "imageUrl": "//static.mathem.se/shared/images/products/small/polly-mjolkchoklad-200g-cloetta.jpg",
    "category": "Glass, godis och snacks",
    "ean": "7310040034532",
    "store": "Mathem",
    "discount": {
      "discountType": "PRODUCT_DISCOUNT",
      "quantityToBeBought": 1,
      "displayPrice": 25.95,
      "savings": 5.95,
      "percentageSavings": 22,
      "isMemberDiscount": false
    }
  },
  {
    "productName": "Peacemärke Jorgubb/Lakrits",
    "price": 13.95,
    "quantity": 80,
    "quantityUnit": "g",
    "comparisonUnit": "kg",
    "comparisonPrice": 174.37,
    "brand": "Candy people",
    "imageUrl": "//static.mathem.se/shared/images/products/small/07350039457690_c1n1.jpeg.jpg",
    "category": "Glass, godis och snacks",
    "ean": "7350039457690",
    "store": "Mathem",
    "discount": {
      "discountType": "MULTI_DISCOUNT",
      "quantityToBeBought": 2,
      "displayPrice": 13.95,
      "savings": 3.95,
      "percentageSavings": 28,
      "isMemberDiscount": false
    }
  },
  {
    "productName": "Tuggummi White Sweet Mint",
    "price": 18.95,
    "quantity": 29,
    "quantityUnit": "g",
    "comparisonUnit": "kg",
    "comparisonPrice": 653.45,
    "brand": "Mars Sverige AB",
    "imageUrl": "//static.mathem.se/shared/images/products/small/04009900527897_c1n1.jpg",
    "category": "Glass, godis och snacks",
    "ean": "4009900527897",
    "store": "Mathem",
    "discount": {
      "discountType": "MULTI_DISCOUNT",
      "quantityToBeBought": 2,
      "displayPrice": 18.95,
      "savings": 2.95,
      "percentageSavings": 15,
      "isMemberDiscount": false
    }
  },
  {
    "productName": "Gelehallon",
    "price": 12.95,
    "quantity": 200,
    "quantityUnit": "g",
    "comparisonUnit": "kg",
    "comparisonPrice": 64.75,
    "brand": "Bergendahls EMV",
    "imageUrl": "//static.mathem.se/shared/images/products/small/07331746160608_c1n1.jpg",
    "category": "Glass, godis och snacks",
    "ean": "7331746160608",
    "store": "Mathem",
    "discount": null
  },
  {
    "productName": "Katrinplommon 4M",
    "price": 10.95,
    "quantity": 125,
    "quantityUnit": "g",
    "comparisonUnit": "kg",
    "comparisonPrice": 87.6,
    "brand": "Nestlé Mat",
    "imageUrl": "//static.mathem.se/shared/images/products/small/07613033573088_c1c1.jpg",
    "category": "Barnmat och tillbehör",
    "ean": "7613033573088",
    "store": "Mathem",
    "discount": {
      "discountType": "MULTI_DISCOUNT",
      "quantityToBeBought": 3,
      "displayPrice": 10.95,
      "savings": 0.95,
      "percentageSavings": 8,
      "isMemberDiscount": false
    }
  },
  {
    "productName": "Mexikansk Gryta 8M EKO",
    "price": 21.95,
    "quantity": 185,
    "quantityUnit": "g",
    "comparisonUnit": "kg",
    "comparisonPrice": 118.65,
    "brand": "LoveMade Ab",
    "imageUrl": "//static.mathem.se/shared/images/products/small/03444570200809_C1L1.jpeg",
    "category": "Barnmat och tillbehör",
    "ean": "3444570200809",
    "store": "Mathem",
    "discount": null
  },
  {
    "productName": "Päron- och äpplepuré 5M",
    "price": 12.95,
    "quantity": 190,
    "quantityUnit": "g",
    "comparisonUnit": "kg",
    "comparisonPrice": 68.16,
    "brand": "Semper AB",
    "imageUrl": "//static.mathem.se/shared/images/products/small/07312170095124_g1c1.jpg",
    "category": "Barnmat och tillbehör",
    "ean": "7312170095124",
    "store": "Mathem",
    "discount": {
      "discountType": "MULTI_DISCOUNT",
      "quantityToBeBought": 2,
      "displayPrice": 12.95,
      "savings": 2.95,
      "percentageSavings": 22,
      "isMemberDiscount": false
    }
  },
  {
    "productName": "Fruktstång Jordgubbar 5x20g",
    "price": 22.95,
    "quantity": 100,
    "quantityUnit": "g",
    "comparisonUnit": "kg",
    "comparisonPrice": 229.5,
    "brand": "Ellas Kitchen",
    "imageUrl": "//static.mathem.se/shared/images/products/small/05707653000931_c1n1.jpeg.jpg",
    "category": "Barnmat och tillbehör",
    "ean": "5707653001747",
    "store": "Mathem",
    "discount": null
  },
  {
    "productName": "Klämpåse Smoothie Äpple, Mango & Persika EKO",
    "price": 11.95,
    "quantity": 100,
    "quantityUnit": "g",
    "comparisonUnit": "kg",
    "comparisonPrice": 119.5,
    "brand": "Bergendahls EMV",
    "imageUrl": "//static.mathem.se/shared/images/products/small/-apple--mango-o-persika-eko-100g-favorit-2.jpg",
    "category": "Barnmat och tillbehör",
    "ean": "7331746291555",
    "store": "Mathem",
    "discount": null
  },
  {
    "productName": "Gröt Päron & Katrinplommon 6M",
    "price": 14.95,
    "quantity": 120,
    "quantityUnit": "g",
    "comparisonUnit": "kg",
    "comparisonPrice": 124.58,
    "brand": "Semper AB",
    "imageUrl": "//static.mathem.se/shared/images/products/small/07310100697738_c1n1.jpg",
    "category": "Barnmat och tillbehör",
    "ean": "7310100697738",
    "store": "Mathem",
    "discount": null
  },
  {
    "productName": "Klämmis Fruktmums Päron",
    "price": 14.95,
    "quantity": 110,
    "quantityUnit": "g",
    "comparisonUnit": "kg",
    "comparisonPrice": 135.91,
    "brand": "Semper AB",
    "imageUrl": "//static.mathem.se/shared/images/products/small/klammis-fruktmums-paron-110g-semper.jpg",
    "category": "Barnmat och tillbehör",
    "ean": "7310100703187",
    "store": "Mathem",
    "discount": null
  },
  {
    "productName": "Klämpåse Smoothie Äpple, Banan & Aprikos EKO",
    "price": 11.95,
    "quantity": 100,
    "quantityUnit": "g",
    "comparisonUnit": "kg",
    "comparisonPrice": 119.5,
    "brand": "Bergendahls EMV",
    "imageUrl": "//static.mathem.se/shared/images/products/small/apple--banan-o-aprikos-eko-100g-favorit-1.jpg",
    "category": "Barnmat och tillbehör",
    "ean": "7331746291531",
    "store": "Mathem",
    "discount": null
  },
  {
    "productName": "Fruktstång Äpple & Hallon",
    "price": 22.95,
    "quantity": 100,
    "quantityUnit": "g",
    "comparisonUnit": "kg",
    "comparisonPrice": 229.5,
    "brand": "Ellas Kitchen",
    "imageUrl": "//static.mathem.se/shared/images/products/small/05707653000955_c1n1.jpeg.jpg",
    "category": "Barnmat och tillbehör",
    "ean": "5707653001822",
    "store": "Mathem",
    "discount": null
  },
  {
    "productName": "Klämmis Fruktmums Jordgubb 6M",
    "price": 14.95,
    "quantity": 110,
    "quantityUnit": "g",
    "comparisonUnit": "kg",
    "comparisonPrice": 135.91,
    "brand": "Semper AB",
    "imageUrl": "//static.mathem.se/shared/images/products/small/klammis-fruktmums-jordgubb-6m-110g-semper.jpg",
    "category": "Barnmat och tillbehör",
    "ean": "7310100708885",
    "store": "Mathem",
    "discount": null
  },
  {
    "productName": "Tandkräm Caries Defense",
    "price": 22.95,
    "quantity": 75,
    "quantityUnit": "ml",
    "comparisonUnit": "l",
    "comparisonPrice": 306,
    "brand": "Orkla Care AB",
    "imageUrl": "//static.mathem.se/shared/images/products/small/tandkram-caries-defense-75ml-jordan.jpg",
    "category": "Apotek, Hygien & Hälsa",
    "ean": "7046110031131",
    "store": "Mathem",
    "discount": null
  },
  {
    "productName": "Tandkräm Original Fluor",
    "price": 35.95,
    "quantity": 75,
    "quantityUnit": "ml",
    "comparisonUnit": "l",
    "comparisonPrice": 479.33,
    "brand": "GSK Consumer Healthcare AB",
    "imageUrl": "//static.mathem.se/shared/images/products/small/08710464116446_g1n1.jpg",
    "category": "Apotek, Hygien & Hälsa",
    "ean": "8710464116446",
    "store": "Mathem",
    "discount": null
  },
  {
    "productName": "Tandkräm Super Fluor",
    "price": 23.95,
    "quantity": 125,
    "quantityUnit": "ml",
    "comparisonUnit": "l",
    "comparisonPrice": 191.6,
    "brand": "Unilever Sverige AB",
    "imageUrl": "//static.mathem.se/shared/images/products/small/07311570641047_c1n1.jpg",
    "category": "Apotek, Hygien & Hälsa",
    "ean": "7311570641047",
    "store": "Mathem",
    "discount": null
  },
  {
    "productName": "Tandkräm Karies Kontroll",
    "price": 25.95,
    "quantity": 125,
    "quantityUnit": "ml",
    "comparisonUnit": "l",
    "comparisonPrice": 207.6,
    "brand": "Colgate-Palmolive AB",
    "imageUrl": "//static.mathem.se/shared/images/products/small/tandkram-karies-kontroll-125ml-colgate-1.jpg",
    "category": "Apotek, Hygien & Hälsa",
    "ean": "8718951179769",
    "store": "Mathem",
    "discount": null
  },
  {
    "productName": "Tandkräm Classic",
    "price": 25.95,
    "quantity": 75,
    "quantityUnit": "ml",
    "comparisonUnit": "l",
    "comparisonPrice": 346,
    "brand": "Unilever Sverige AB",
    "imageUrl": "//static.mathem.se/shared/images/products/small/08710908843044_c1n1.jpg",
    "category": "Apotek, Hygien & Hälsa",
    "ean": "8710908843044",
    "store": "Mathem",
    "discount": null
  },
  {
    "productName": "Tandkräm Bamse",
    "price": 25.95,
    "quantity": 75,
    "quantityUnit": "ml",
    "comparisonUnit": "l",
    "comparisonPrice": 346,
    "brand": "GSK Consumer Healthcare AB",
    "imageUrl": "//static.mathem.se/shared/images/products/small/tandkram-bamse-75ml-sensodyne.jpg",
    "category": "Apotek, Hygien & Hälsa",
    "ean": "5054563105103",
    "store": "Mathem",
    "discount": null
  },
  {
    "productName": "Tandkräm Total Original",
    "price": 31.95,
    "quantity": 75,
    "quantityUnit": "ml",
    "comparisonUnit": "l",
    "comparisonPrice": 426,
    "brand": "Colgate-Palmolive AB",
    "imageUrl": "//static.mathem.se/shared/images/products/small/tandkram-total-original-75ml-colgate.jpg",
    "category": "Apotek, Hygien & Hälsa",
    "ean": "8714789615301",
    "store": "Mathem",
    "discount": {
      "discountType": "PRODUCT_DISCOUNT",
      "quantityToBeBought": 1,
      "displayPrice": 31.95,
      "savings": 6.95,
      "percentageSavings": 21,
      "isMemberDiscount": false
    }
  },
  {
    "productName": "Tandkräm Sensation White",
    "price": 25.95,
    "quantity": 125,
    "quantityUnit": "ml",
    "comparisonUnit": "l",
    "comparisonPrice": 207.6,
    "brand": "Colgate-Palmolive AB",
    "imageUrl": "//static.mathem.se/shared/images/products/small/tandkram-sensation-white-125ml-colgate.jpg",
    "category": "Apotek, Hygien & Hälsa",
    "ean": "8718951314474",
    "store": "Mathem",
    "discount": null
  },
  {
    "productName": "Plackers Original, Tandtrådsbygel, 38 st",
    "price": 49.95,
    "quantity": 38,
    "quantityUnit": "st",
    "comparisonUnit": "st",
    "comparisonPrice": 49.95,
    "brand": "Perrigo Sverige  AB",
    "imageUrl": "//static.mathem.se/shared/images/products/small/7319861021714.jpg",
    "category": "Apotek, Hygien & Hälsa",
    "ean": "7319861021714",
    "store": "Mathem",
    "discount": null
  },
  {
    "productName": "Tandkräm Gentle White",
    "price": 35.95,
    "quantity": 75,
    "quantityUnit": "ml",
    "comparisonUnit": "l",
    "comparisonPrice": 479.33,
    "brand": "GSK Consumer Healthcare AB",
    "imageUrl": "//static.mathem.se/shared/images/products/small/05054563039989_c1n1.jpg",
    "category": "Apotek, Hygien & Hälsa",
    "ean": "5054563039989",
    "store": "Mathem",
    "discount": null
  },
  {
    "productName": "Koriander Kruka EKO Klass1",
    "price": 26.95,
    "quantity": 1,
    "quantityUnit": "st",
    "comparisonUnit": "st",
    "comparisonPrice": 26.95,
    "brand": "Orto Novo AB",
    "imageUrl": "//static.mathem.se/shared/images/products/small/07313300000940_c1n1.jpg",
    "category": "Kryddor & Smaksättare",
    "ean": "7313300000940",
    "store": "Mathem",
    "discount": {
      "discountType": "MIX_MATCH",
      "quantityToBeBought": 2,
      "displayPrice": 26.95,
      "savings": 4.45,
      "percentageSavings": 16,
      "isMemberDiscount": false
    }
  },
  {
    "productName": "Basilika Kruka EKO Klass1",
    "price": 26.95,
    "quantity": 1,
    "quantityUnit": "st",
    "comparisonUnit": "st",
    "comparisonPrice": 26.95,
    "brand": "Orto Novo AB",
    "imageUrl": "//static.mathem.se/shared/images/products/small/basilika-kruka-eko-klass1-2.jpg",
    "category": "Kryddor & Smaksättare",
    "ean": "7313307801564",
    "store": "Mathem",
    "discount": {
      "discountType": "MIX_MATCH",
      "quantityToBeBought": 2,
      "displayPrice": 26.95,
      "savings": 4.45,
      "percentageSavings": 16,
      "isMemberDiscount": false
    }
  },
  {
    "productName": "Ingefära",
    "price": 16.95,
    "quantity": 50,
    "quantityUnit": "g",
    "comparisonUnit": "kg",
    "comparisonPrice": 339,
    "brand": "Allfrukt",
    "imageUrl": "//static.mathem.se/shared/images/products/small/ingefara-50g-klass1.jpg",
    "category": "Kryddor & Smaksättare",
    "ean": "7318690007005",
    "store": "Mathem",
    "discount": null
  },
  {
    "productName": "Persilja Knippe",
    "price": 24.95,
    "quantity": 100,
    "quantityUnit": "g",
    "comparisonUnit": "kg",
    "comparisonPrice": 249.5,
    "brand": "Allfrukt",
    "imageUrl": "//static.mathem.se/shared/images/products/small/persilja-knippe-100g-klass1-1.jpg",
    "category": "Kryddor & Smaksättare",
    "ean": "9220",
    "store": "Mathem",
    "discount": {
      "discountType": "MIX_MATCH",
      "quantityToBeBought": 2,
      "displayPrice": 24.95,
      "savings": 4.95,
      "percentageSavings": 19,
      "isMemberDiscount": false
    }
  },
  {
    "productName": "Ingefära",
    "price": 29.95,
    "quantity": 250,
    "quantityUnit": "g",
    "comparisonUnit": "kg",
    "comparisonPrice": 119.8,
    "brand": "Allfrukt",
    "imageUrl": "//static.mathem.se/shared/images/products/small/ingefara-250g-klass1-1.jpg",
    "category": "Kryddor & Smaksättare",
    "ean": "74612",
    "store": "Mathem",
    "discount": null
  },
  {
    "productName": "Persilja Fryst",
    "price": 10.95,
    "quantity": 30,
    "quantityUnit": "g",
    "comparisonUnit": "kg",
    "comparisonPrice": 365,
    "brand": "Findus.",
    "imageUrl": "//static.mathem.se/shared/images/products/small/07310500031347_g1l1.jpg",
    "category": "Kryddor & Smaksättare",
    "ean": "7310500031347",
    "store": "Mathem",
    "discount": null
  },
  {
    "productName": "Dill Fryst",
    "price": 10.95,
    "quantity": 35,
    "quantityUnit": "g",
    "comparisonUnit": "kg",
    "comparisonPrice": 312.86,
    "brand": "Findus.",
    "imageUrl": "//static.mathem.se/shared/images/products/small/07310500031279_c1n1.jpg",
    "category": "Kryddor & Smaksättare",
    "ean": "7310500031279",
    "store": "Mathem",
    "discount": null
  },
  {
    "productName": "Dill knippe",
    "price": 34.95,
    "quantity": 100,
    "quantityUnit": "g",
    "comparisonUnit": "kg",
    "comparisonPrice": 349.5,
    "brand": "Allfrukt",
    "imageUrl": "//static.mathem.se/shared/images/products/small/dill-knippe-100g-klass1-2.jpg",
    "category": "Kryddor & Smaksättare",
    "ean": "9219",
    "store": "Mathem",
    "discount": {
      "discountType": "MIX_MATCH",
      "quantityToBeBought": 2,
      "displayPrice": 34.95,
      "savings": 14.95,
      "percentageSavings": 42,
      "isMemberDiscount": false
    }
  },
  {
    "productName": "Persilja Kruka EKO Klass1",
    "price": 26.95,
    "quantity": 1,
    "quantityUnit": "st",
    "comparisonUnit": "st",
    "comparisonPrice": 26.95,
    "brand": "Orto Novo AB",
    "imageUrl": "//static.mathem.se/shared/images/products/small/persilja-kruka-klass1.jpg",
    "category": "Kryddor & Smaksättare",
    "ean": "7313306105267",
    "store": "Mathem",
    "discount": {
      "discountType": "MIX_MATCH",
      "quantityToBeBought": 2,
      "displayPrice": 26.95,
      "savings": 6.95,
      "percentageSavings": 25,
      "isMemberDiscount": false
    }
  },
  {
    "productName": "Dill Kruka EKO Klass1",
    "price": 26.95,
    "quantity": 1,
    "quantityUnit": "st",
    "comparisonUnit": "st",
    "comparisonPrice": 26.95,
    "brand": "Orto Novo AB",
    "imageUrl": "//static.mathem.se/shared/images/products/small/dill-kruka-klass1.jpg",
    "category": "Kryddor & Smaksättare",
    "ean": "7313306305261",
    "store": "Mathem",
    "discount": {
      "discountType": "MULTI_DISCOUNT",
      "quantityToBeBought": 2,
      "displayPrice": 26.95,
      "savings": 4.45,
      "percentageSavings": 16,
      "isMemberDiscount": false
    }
  },
  {
    "productName": "Kattmat Kött i Sås Multipack 12x85g",
    "price": 61.95,
    "quantity": 1020,
    "quantityUnit": "g",
    "comparisonUnit": "kg",
    "comparisonPrice": 60.74,
    "brand": "Lantmännen Doggy AB",
    "imageUrl": "//static.mathem.se/shared/images/products/small/07300330035189_c1l1.jpeg.jpg",
    "category": "Djurmat & Tillbehör",
    "ean": "7300330035189",
    "store": "Mathem",
    "discount": null
  },
  {
    "productName": "Kattmat Fisk & Köttmeny i Sås +1år 12x100g",
    "price": 59.95,
    "quantity": 1200,
    "quantityUnit": "g",
    "comparisonUnit": "kg",
    "comparisonPrice": 49.96,
    "brand": "Mars Sverige AB",
    "imageUrl": "//static.mathem.se/shared/images/products/small/kattmat-fisk-o-kottmeny-i-sas-.jpg",
    "category": "Djurmat & Tillbehör",
    "ean": "8410136004407",
    "store": "Mathem",
    "discount": null
  },
  {
    "productName": "Kattmat Oxe/Kyckling/Tonfisk/Lax i Gelé 12x85g",
    "price": 63.95,
    "quantity": 1020,
    "quantityUnit": "g",
    "comparisonUnit": "kg",
    "comparisonPrice": 62.7,
    "brand": "Nestlé Djurmat",
    "imageUrl": "//static.mathem.se/shared/images/products/small/kattmat-11.jpg",
    "category": "Djurmat & Tillbehör",
    "ean": "7613039847848",
    "store": "Mathem",
    "discount": null
  },
  {
    "productName": "Gold Mousse 12x85g",
    "price": 64.95,
    "quantity": 1020,
    "quantityUnit": "g",
    "comparisonUnit": "kg",
    "comparisonPrice": 63.68,
    "brand": "Nestlé Djurmat",
    "imageUrl": "//static.mathem.se/shared/images/products/small/07613032395377_c1l1.jpg",
    "category": "Djurmat & Tillbehör",
    "ean": "7613032395377",
    "store": "Mathem",
    "discount": null
  },
  {
    "productName": "Kattmat Fågel Delikat 8 x 85g",
    "price": 55.95,
    "quantity": 680,
    "quantityUnit": "g",
    "comparisonUnit": "kg",
    "comparisonPrice": 82.28,
    "brand": "Mars Sverige AB",
    "imageUrl": "//static.mathem.se/shared/images/products/small/03065890132399_c1l1.jpg",
    "category": "Djurmat & Tillbehör",
    "ean": "3065890132399",
    "store": "Mathem",
    "discount": null
  },
  {
    "productName": "Torrfoder Oxkött Sterilcat 1,5kg",
    "price": 115,
    "quantity": 1500,
    "quantityUnit": "g",
    "comparisonUnit": "kg",
    "comparisonPrice": 76.67,
    "brand": "Nestlé Djurmat",
    "imageUrl": "//static.mathem.se/shared/images/products/small/07613033763618_c1l1.jpeg.jpg",
    "category": "Djurmat & Tillbehör",
    "ean": "7613033763618",
    "store": "Mathem",
    "discount": null
  },
  {
    "productName": "Catstick Mini Kyck 3-p",
    "price": 15.95,
    "quantity": 3,
    "quantityUnit": "st",
    "comparisonUnit": "st",
    "comparisonPrice": 5.32,
    "brand": "Vitakraft Sverige AB",
    "imageUrl": "//static.mathem.se/shared/images/products/small/04008239108692_c1n1.jpg",
    "category": "Djurmat & Tillbehör",
    "ean": "4008239108692",
    "store": "Mathem",
    "discount": {
      "discountType": "MULTI_DISCOUNT",
      "quantityToBeBought": 2,
      "displayPrice": 15.95,
      "savings": 4.95,
      "percentageSavings": 31,
      "isMemberDiscount": false
    }
  },
  {
    "productName": "Kattmat Fisk- & Köttmeny i Gelé +7år 12x100g",
    "price": 59.95,
    "quantity": 1200,
    "quantityUnit": "g",
    "comparisonUnit": "kg",
    "comparisonPrice": 49.96,
    "brand": "Mars Sverige AB",
    "imageUrl": "//static.mathem.se/shared/images/products/small/kattmat-fisk--o-kottmeny-i-gele-7ar.jpg",
    "category": "Djurmat & Tillbehör",
    "ean": "3065890128538",
    "store": "Mathem",
    "discount": null
  },
  {
    "productName": "Kattmat Kyckling/Oxe/Kanin/Lamm i Gelé 12x85g",
    "price": 63.95,
    "quantity": 1020,
    "quantityUnit": "g",
    "comparisonUnit": "kg",
    "comparisonPrice": 62.7,
    "brand": "Nestlé Djurmat",
    "imageUrl": "//static.mathem.se/shared/images/products/small/kattmat-10.jpg",
    "category": "Djurmat & Tillbehör",
    "ean": "7613039758403",
    "store": "Mathem",
    "discount": null
  },
  {
    "productName": "Kattmat Köttmeny i Sås 12x100g",
    "price": 59.95,
    "quantity": 1200,
    "quantityUnit": "g",
    "comparisonUnit": "kg",
    "comparisonPrice": 49.96,
    "brand": "Mars Sverige AB",
    "imageUrl": "//static.mathem.se/shared/images/products/small/kattmat-kottmeny-i-sas-12x100g-whiskas-2.jpg",
    "category": "Djurmat & Tillbehör",
    "ean": "8410136004735",
    "store": "Mathem",
    "discount": null
  },
  {
    "productName": "Veckokryss",
    "price": 19,
    "quantity": 1,
    "quantityUnit": "st",
    "comparisonUnit": "st",
    "comparisonPrice": 19,
    "brand": "Tidsam",
    "imageUrl": "//static.mathem.se/shared/images/products/small/veckokryss-tidsam-672.jpg",
    "category": "Kiosk & Tidningar",
    "ean": "7388491300001",
    "store": "Mathem",
    "discount": null
  },
  {
    "productName": "Allas Veckotidning",
    "price": 36.9,
    "quantity": 1,
    "quantityUnit": "st",
    "comparisonUnit": "st",
    "comparisonPrice": 36.9,
    "brand": "Tidsam",
    "imageUrl": "//static.mathem.se/shared/images/products/small/allas-veckotidning-tidsam-2356.jpg",
    "category": "Kiosk & Tidningar",
    "ean": "7388043200001",
    "store": "Mathem",
    "discount": null
  },
  {
    "productName": "Lätta Kryss",
    "price": 43.9,
    "quantity": 1,
    "quantityUnit": "st",
    "comparisonUnit": "st",
    "comparisonPrice": 43.9,
    "brand": "Tidsam",
    "imageUrl": "//static.mathem.se/shared/images/products/small/latta-kryss-tidsam-2356.jpg",
    "category": "Kiosk & Tidningar",
    "ean": "7388079500007",
    "store": "Mathem",
    "discount": null
  },
  {
    "productName": "TV-Guiden",
    "price": 14,
    "quantity": 1,
    "quantityUnit": "st",
    "comparisonUnit": "st",
    "comparisonPrice": 14,
    "brand": "Tidsam",
    "imageUrl": "//static.mathem.se/shared/images/products/small/tv-guiden-tidsam-2358.jpg",
    "category": "Kiosk & Tidningar",
    "ean": "7388407500006",
    "store": "Mathem",
    "discount": null
  },
  {
    "productName": "Allers",
    "price": 34.9,
    "quantity": 1,
    "quantityUnit": "st",
    "comparisonUnit": "st",
    "comparisonPrice": 34.9,
    "brand": "Tidsam",
    "imageUrl": "//static.mathem.se/shared/images/products/small/allers-tidsam-2356.jpg",
    "category": "Kiosk & Tidningar",
    "ean": "7388020100003",
    "store": "Mathem",
    "discount": null
  },
  {
    "productName": "Hemmets Veckotidning",
    "price": 34.9,
    "quantity": 1,
    "quantityUnit": "st",
    "comparisonUnit": "st",
    "comparisonPrice": 34.9,
    "brand": "Tidsam",
    "imageUrl": "//static.mathem.se/shared/images/products/small/hemmets-veckotidning-tidsam-2355.jpg",
    "category": "Kiosk & Tidningar",
    "ean": "7388021300006",
    "store": "Mathem",
    "discount": null
  },
  {
    "productName": "Damernas Värld",
    "price": 72,
    "quantity": 1,
    "quantityUnit": "st",
    "comparisonUnit": "st",
    "comparisonPrice": 72,
    "brand": "Tidsam",
    "imageUrl": "//static.mathem.se/shared/images/products/small/damernas-varld-tidsam-2356.jpg",
    "category": "Kiosk & Tidningar",
    "ean": "7388092200007",
    "store": "Mathem",
    "discount": null
  },
  {
    "productName": "Hänt Extra",
    "price": 25.9,
    "quantity": 1,
    "quantityUnit": "st",
    "comparisonUnit": "st",
    "comparisonPrice": 25.9,
    "brand": "Tidsam",
    "imageUrl": "//static.mathem.se/shared/images/products/small/hant-extra-tidsam-2356.jpg",
    "category": "Kiosk & Tidningar",
    "ean": "7388031000002",
    "store": "Mathem",
    "discount": null
  },
  {
    "productName": "Hänt i Veckan",
    "price": 29.9,
    "quantity": 1,
    "quantityUnit": "st",
    "comparisonUnit": "st",
    "comparisonPrice": 29.9,
    "brand": "Tidsam",
    "imageUrl": "//static.mathem.se/shared/images/products/small/se--and--hor-tidsam-2356.jpg",
    "category": "Kiosk & Tidningar",
    "ean": "7388098700006",
    "store": "Mathem",
    "discount": null
  },
  {
    "productName": "Vego",
    "price": 65,
    "quantity": 1,
    "quantityUnit": "st",
    "comparisonUnit": "st",
    "comparisonPrice": 65,
    "brand": "Tidsam",
    "imageUrl": "//static.mathem.se/shared/images/products/small/vego-tidsam-1586.jpg",
    "category": "Kiosk & Tidningar",
    "ean": "7388288100005",
    "store": "Mathem",
    "discount": null
  }
]