[
  {
    "productName": "Majskyckling Hel Sverige",
    "price": "55,90",
    "quantity": "ca: 1.3kg",
    "quantityUnit": "kg",
    "comparisonUnit": "kg",
    "comparisonPrice": "55,90 kr",
    "brand": "Garant",
    "imageUrl": "https://d2rfo6yapuixuu.cloudfront.net/ha0/hb1/9374202003486/2307984000001_1550504747529_master_axfood_100",
    "category": {
      "name": "Kött, Fågel & Chark"
    },
    "preferences": [
      {
        "name": "Svensk Flagga"
      }
    ],
    "store": {
      "name": "Willys",
      "logoUrl": "https://digitalatjanster.se/wp-content/uploads/2020/04/willys-logo.png"
    },
    "discount": {
      "discountType": "LOYALTY",
      "quantityToBeBought": null,
      "displayPrice": "55,90 kr/kg",
      "savings": 10.999999999999995,
      "percentageSavings": 20,
      "isMemberDiscount": false
    }
  },
  {
    "productName": "Fläskytterfilé Mörad Grillkryddad Danmark",
    "price": "89,90",
    "quantity": "ca: 1kg",
    "quantityUnit": "kg",
    "comparisonUnit": "kg",
    "comparisonPrice": "89,90 kr",
    "brand": null,
    "imageUrl": "https://d2rfo6yapuixuu.cloudfront.net/h33/h6e/9438982733854/2355014200006_1555495575718_master_axfood_100",
    "category": {
      "name": "Kött, Fågel & Chark"
    },
    "preferences": null,
    "store": {
      "name": "Willys",
      "logoUrl": "https://digitalatjanster.se/wp-content/uploads/2020/04/willys-logo.png"
    },
    "discount": null
  },
  {
    "productName": "Lammframdel med Ben Fryst Halal Nya Zeeland",
    "price": "99,00",
    "quantity": "ca: 2.1kg",
    "quantityUnit": "kg",
    "comparisonUnit": "kg",
    "comparisonPrice": "99,00 kr",
    "brand": "Affco",
    "imageUrl": "https://d2rfo6yapuixuu.cloudfront.net/h99/h9b/8857335267358/2359733200002.jpg_master_axfood_100",
    "category": {
      "name": "Kött, Fågel & Chark"
    },
    "preferences": null,
    "store": {
      "name": "Willys",
      "logoUrl": "https://digitalatjanster.se/wp-content/uploads/2020/04/willys-logo.png"
    },
    "discount": {
      "discountType": "LOYALTY",
      "quantityToBeBought": null,
      "displayPrice": "99,00 kr/kg",
      "savings": 24.10000000000001,
      "percentageSavings": 24,
      "isMemberDiscount": false
    }
  },
  {
    "productName": "Bacon 3-pack",
    "price": "36,40",
    "quantity": "420g",
    "quantityUnit": "g",
    "comparisonUnit": "kg",
    "comparisonPrice": "86,67 kr",
    "brand": "Scan",
    "imageUrl": "https://d2rfo6yapuixuu.cloudfront.net/h2a/h7d/10832218030110/7300206718000_1606895229922_master_axfood_100",
    "category": {
      "name": "Kött, Fågel & Chark"
    },
    "preferences": null,
    "store": {
      "name": "Willys",
      "logoUrl": "https://digitalatjanster.se/wp-content/uploads/2020/04/willys-logo.png"
    },
    "discount": null
  },
  {
    "productName": "Kalkon Rökt Tunna Skivor",
    "price": "29,90",
    "quantity": "200g",
    "quantityUnit": "g",
    "comparisonUnit": "kg",
    "comparisonPrice": "149,50 kr",
    "brand": "Pärsons",
    "imageUrl": "https://d2rfo6yapuixuu.cloudfront.net/h0f/h69/8909964148766/07330797088954.jpg_1489755084182_master_axfood_100",
    "category": {
      "name": "Kött, Fågel & Chark"
    },
    "preferences": [
      {
        "name": "Nyckelhålsmärkt"
      }
    ],
    "store": {
      "name": "Willys",
      "logoUrl": "https://digitalatjanster.se/wp-content/uploads/2020/04/willys-logo.png"
    },
    "discount": null
  },
  {
    "productName": "Gourmetskinka Rökt Skivad",
    "price": "23,80",
    "quantity": "200g",
    "quantityUnit": "g",
    "comparisonUnit": "kg",
    "comparisonPrice": "119,00 kr",
    "brand": "Pärsons",
    "imageUrl": "https://d2rfo6yapuixuu.cloudfront.net/hc2/h52/8909962838046/07330797088794.jpg_1489755050625_master_axfood_100",
    "category": {
      "name": "Kött, Fågel & Chark"
    },
    "preferences": [
      {
        "name": "Svensk Flagga"
      },
      {
        "name": "Nyckelhålsmärkt"
      }
    ],
    "store": {
      "name": "Willys",
      "logoUrl": "https://digitalatjanster.se/wp-content/uploads/2020/04/willys-logo.png"
    },
    "discount": null
  },
  {
    "productName": "Gourmetskinka Basturökt Skivad",
    "price": "29,90",
    "quantity": "150g",
    "quantityUnit": "g",
    "comparisonUnit": "kg",
    "comparisonPrice": "199,33 kr",
    "brand": "Pärsons",
    "imageUrl": "https://d2rfo6yapuixuu.cloudfront.net/h72/ha3/9086747312158/07330797088886.jpg_1520719109659_master_axfood_100",
    "category": {
      "name": "Kött, Fågel & Chark"
    },
    "preferences": [
      {
        "name": "Svensk Flagga"
      },
      {
        "name": "Nyckelhålsmärkt"
      }
    ],
    "store": {
      "name": "Willys",
      "logoUrl": "https://digitalatjanster.se/wp-content/uploads/2020/04/willys-logo.png"
    },
    "discount": null
  },
  {
    "productName": "Gourmetskinka Kokt Skivad",
    "price": "23,80",
    "quantity": "200g",
    "quantityUnit": "g",
    "comparisonUnit": "kg",
    "comparisonPrice": "119,00 kr",
    "brand": "Pärsons",
    "imageUrl": "https://d2rfo6yapuixuu.cloudfront.net/hbe/hd9/11886381629470/7330797088800_1625658038715_master_axfood_100",
    "category": {
      "name": "Kött, Fågel & Chark"
    },
    "preferences": [
      {
        "name": "Svensk Flagga"
      },
      {
        "name": "Nyckelhålsmärkt"
      }
    ],
    "store": {
      "name": "Willys",
      "logoUrl": "https://digitalatjanster.se/wp-content/uploads/2020/04/willys-logo.png"
    },
    "discount": null
  },
  {
    "productName": "Rökt Salami Tunna Skivor",
    "price": "24,90",
    "quantity": "200g",
    "quantityUnit": "g",
    "comparisonUnit": "kg",
    "comparisonPrice": "124,50 kr",
    "brand": "Pärsons",
    "imageUrl": "https://d2rfo6yapuixuu.cloudfront.net/h08/h0a/8909963493406/07330797088893.jpg_1489755074001_master_axfood_100",
    "category": {
      "name": "Kött, Fågel & Chark"
    },
    "preferences": [
      {
        "name": "Svensk Flagga"
      }
    ],
    "store": {
      "name": "Willys",
      "logoUrl": "https://digitalatjanster.se/wp-content/uploads/2020/04/willys-logo.png"
    },
    "discount": null
  },
  {
    "productName": "Hamburgerkött Skivad",
    "price": "32,50",
    "quantity": "200g",
    "quantityUnit": "g",
    "comparisonUnit": "kg",
    "comparisonPrice": "162,50 kr",
    "brand": "Pärsons",
    "imageUrl": "https://d2rfo6yapuixuu.cloudfront.net/hb8/h48/8909967622174/07330797088930.jpg_1489755352186_master_axfood_100",
    "category": {
      "name": "Kött, Fågel & Chark"
    },
    "preferences": [
      {
        "name": "Nyckelhålsmärkt"
      }
    ],
    "store": {
      "name": "Willys",
      "logoUrl": "https://digitalatjanster.se/wp-content/uploads/2020/04/willys-logo.png"
    },
    "discount": null
  },
  {
    "productName": "Kycklingfärs",
    "price": "61,90",
    "quantity": "750g",
    "quantityUnit": "g",
    "comparisonUnit": "kg",
    "comparisonPrice": "82,53 kr",
    "brand": "Guldfågeln",
    "imageUrl": "https://d2rfo6yapuixuu.cloudfront.net/h0d/h6d/9821377527838/7313940013119_1580763315110_master_axfood_100",
    "category": {
      "name": "Kött, Fågel & Chark"
    },
    "preferences": [
      {
        "name": "Svensk Flagga"
      },
      {
        "name": "Nyckelhålsmärkt"
      }
    ],
    "store": {
      "name": "Willys",
      "logoUrl": "https://digitalatjanster.se/wp-content/uploads/2020/04/willys-logo.png"
    },
    "discount": null
  },
  {
    "productName": "Spareribs",
    "price": "59,90",
    "quantity": "500g",
    "quantityUnit": "g",
    "comparisonUnit": "kg",
    "comparisonPrice": "119,80 kr",
    "brand": "Tulip",
    "imageUrl": "https://d2rfo6yapuixuu.cloudfront.net/h0b/h65/10274370420766/5707196263602_1593690918290_master_axfood_100",
    "category": {
      "name": "Kött, Fågel & Chark"
    },
    "preferences": null,
    "store": {
      "name": "Willys",
      "logoUrl": "https://digitalatjanster.se/wp-content/uploads/2020/04/willys-logo.png"
    },
    "discount": null
  },
  {
    "productName": "Köttbullar Kyckling",
    "price": "23,90",
    "quantity": "350g",
    "quantityUnit": "g",
    "comparisonUnit": "kg",
    "comparisonPrice": "68,28 kr",
    "brand": "Garant",
    "imageUrl": "https://d2rfo6yapuixuu.cloudfront.net/h9c/h02/8915820970014/07340083453892.jpg_1491483646791_master_axfood_100",
    "category": {
      "name": "Kött, Fågel & Chark"
    },
    "preferences": [
      {
        "name": "Svensk Flagga"
      }
    ],
    "store": {
      "name": "Willys",
      "logoUrl": "https://digitalatjanster.se/wp-content/uploads/2020/04/willys-logo.png"
    },
    "discount": null
  },
  {
    "productName": "Innerfilé av Svensk Kyckling Fryst",
    "price": "48,90",
    "quantity": "700g",
    "quantityUnit": "g",
    "comparisonUnit": "kg",
    "comparisonPrice": "69,86 kr",
    "brand": "Garant",
    "imageUrl": "https://d2rfo6yapuixuu.cloudfront.net/hf0/h93/8857474531358/07340083434723.jpg_master_axfood_100",
    "category": {
      "name": "Kött, Fågel & Chark"
    },
    "preferences": [
      {
        "name": "Svensk Flagga"
      },
      {
        "name": "Nyckelhålsmärkt"
      }
    ],
    "store": {
      "name": "Willys",
      "logoUrl": "https://digitalatjanster.se/wp-content/uploads/2020/04/willys-logo.png"
    },
    "discount": null
  },
  {
    "productName": "Bröstfilé av Svensk Kyckling Fryst",
    "price": "68,90",
    "quantity": "1kg",
    "quantityUnit": "kg",
    "comparisonUnit": "kg",
    "comparisonPrice": "68,90 kr",
    "brand": "Garant",
    "imageUrl": "https://d2rfo6yapuixuu.cloudfront.net/h35/h32/8857471647774/07340083434716.jpg_master_axfood_100",
    "category": {
      "name": "Kött, Fågel & Chark"
    },
    "preferences": [
      {
        "name": "Svensk Flagga"
      },
      {
        "name": "Nyckelhålsmärkt"
      }
    ],
    "store": {
      "name": "Willys",
      "logoUrl": "https://digitalatjanster.se/wp-content/uploads/2020/04/willys-logo.png"
    },
    "discount": null
  },
  {
    "productName": "Majskyckling Bröstfiléer Frysta",
    "price": "105,00",
    "quantity": "1kg",
    "quantityUnit": "kg",
    "comparisonUnit": "kg",
    "comparisonPrice": "105,00 kr",
    "brand": "Garant",
    "imageUrl": "https://d2rfo6yapuixuu.cloudfront.net/h82/had/8857469550622/07340083434709.jpg_master_axfood_100",
    "category": {
      "name": "Kött, Fågel & Chark"
    },
    "preferences": [
      {
        "name": "Svensk Flagga"
      },
      {
        "name": "Nyckelhålsmärkt"
      }
    ],
    "store": {
      "name": "Willys",
      "logoUrl": "https://digitalatjanster.se/wp-content/uploads/2020/04/willys-logo.png"
    },
    "discount": null
  },
  {
    "productName": "Kycklingfilé Bröstfilé Sverige",
    "price": "115,00",
    "quantity": "ca: 850g",
    "quantityUnit": "g",
    "comparisonUnit": "kg",
    "comparisonPrice": "115,00 kr",
    "brand": "Garant",
    "imageUrl": "https://d2rfo6yapuixuu.cloudfront.net/h80/hfc/9374197612574/2359634700007_1550504449533_master_axfood_100",
    "category": {
      "name": "Kött, Fågel & Chark"
    },
    "preferences": [
      {
        "name": "Svensk Flagga"
      },
      {
        "name": "Nyckelhålsmärkt"
      }
    ],
    "store": {
      "name": "Willys",
      "logoUrl": "https://digitalatjanster.se/wp-content/uploads/2020/04/willys-logo.png"
    },
    "discount": null
  },
  {
    "productName": "Lårfilé Kyckling Färsk Sverige",
    "price": "115,00",
    "quantity": "ca: 850g",
    "quantityUnit": "g",
    "comparisonUnit": "kg",
    "comparisonPrice": "115,00 kr",
    "brand": "Garant",
    "imageUrl": "https://d2rfo6yapuixuu.cloudfront.net/h93/h7d/9327319384094/2359632700009_1546900860764_master_axfood_100",
    "category": {
      "name": "Kött, Fågel & Chark"
    },
    "preferences": [
      {
        "name": "Svensk Flagga"
      },
      {
        "name": "Nyckelhålsmärkt"
      }
    ],
    "store": {
      "name": "Willys",
      "logoUrl": "https://digitalatjanster.se/wp-content/uploads/2020/04/willys-logo.png"
    },
    "discount": null
  },
  {
    "productName": "Majskyckling Bröstfilé Sverige",
    "price": "157,00",
    "quantity": "ca: 750g",
    "quantityUnit": "g",
    "comparisonUnit": "kg",
    "comparisonPrice": "157,00 kr",
    "brand": "Garant",
    "imageUrl": "https://d2rfo6yapuixuu.cloudfront.net/h41/hce/9327367847966/2307983900005_1546901161338_master_axfood_100",
    "category": {
      "name": "Kött, Fågel & Chark"
    },
    "preferences": [
      {
        "name": "Svensk Flagga"
      },
      {
        "name": "Nyckelhålsmärkt"
      }
    ],
    "store": {
      "name": "Willys",
      "logoUrl": "https://digitalatjanster.se/wp-content/uploads/2020/04/willys-logo.png"
    },
    "discount": null
  },
  {
    "productName": "Kyckling Hel Färsk Sverige",
    "price": "38,90",
    "quantity": "ca: 1.35kg",
    "quantityUnit": "kg",
    "comparisonUnit": "kg",
    "comparisonPrice": "38,90 kr",
    "brand": "Garant",
    "imageUrl": "https://d2rfo6yapuixuu.cloudfront.net/hc2/h3c/9822541709342/2359715300003_1580806236668_master_axfood_100",
    "category": {
      "name": "Kött, Fågel & Chark"
    },
    "preferences": [
      {
        "name": "Svensk Flagga"
      }
    ],
    "store": {
      "name": "Willys",
      "logoUrl": "https://digitalatjanster.se/wp-content/uploads/2020/04/willys-logo.png"
    },
    "discount": null
  },
  {
    "productName": "Gurka Sverige Klass 1",
    "price": "13,90",
    "quantity": "300-500g",
    "quantityUnit": "g",
    "comparisonUnit": "kg",
    "comparisonPrice": "41,74 kr",
    "brand": null,
    "imageUrl": "https://d2rfo6yapuixuu.cloudfront.net/h05/h1e/8854938451998/07311042004691.jpg_master_axfood_100",
    "category": {
      "name": "Frukt & Grönt"
    },
    "preferences": [
      {
        "name": "Svensk Flagga"
      },
      {
        "name": "Nyckelhålsmärkt"
      }
    ],
    "store": {
      "name": "Willys",
      "logoUrl": "https://digitalatjanster.se/wp-content/uploads/2020/04/willys-logo.png"
    },
    "discount": null
  },
  {
    "productName": "Melon Vatten Klass 1",
    "price": "11,90",
    "quantity": "ca: 4kg",
    "quantityUnit": "kg",
    "comparisonUnit": "kg",
    "comparisonPrice": "11,90 kr",
    "brand": null,
    "imageUrl": "https://d2rfo6yapuixuu.cloudfront.net/hc4/h9d/9123180216350/7311042017028_1525121762333_master_axfood_100",
    "category": {
      "name": "Frukt & Grönt"
    },
    "preferences": [
      {
        "name": "Nyckelhålsmärkt"
      }
    ],
    "store": {
      "name": "Willys",
      "logoUrl": "https://digitalatjanster.se/wp-content/uploads/2020/04/willys-logo.png"
    },
    "discount": null
  },
  {
    "productName": "Banan Klass 1",
    "price": "17,90",
    "quantity": "ca: 180g",
    "quantityUnit": "g",
    "comparisonUnit": "kg",
    "comparisonPrice": "17,90 kr",
    "brand": null,
    "imageUrl": "https://d2rfo6yapuixuu.cloudfront.net/hd9/h10/10667445026846/7311042002499_1603893955309_master_axfood_100",
    "category": {
      "name": "Frukt & Grönt"
    },
    "preferences": [
      {
        "name": "Nyckelhålsmärkt"
      }
    ],
    "store": {
      "name": "Willys",
      "logoUrl": "https://digitalatjanster.se/wp-content/uploads/2020/04/willys-logo.png"
    },
    "discount": null
  },
  {
    "productName": "Kvisttomat Klass 1",
    "price": "31,90",
    "quantity": "ca: 140g",
    "quantityUnit": "g",
    "comparisonUnit": "kg",
    "comparisonPrice": "31,90 kr",
    "brand": null,
    "imageUrl": "https://d2rfo6yapuixuu.cloudfront.net/haf/hfd/9216641400862/7311042007821_1535575275320_master_axfood_100",
    "category": {
      "name": "Frukt & Grönt"
    },
    "preferences": [
      {
        "name": "Nyckelhålsmärkt"
      }
    ],
    "store": {
      "name": "Willys",
      "logoUrl": "https://digitalatjanster.se/wp-content/uploads/2020/04/willys-logo.png"
    },
    "discount": null
  },
  {
    "productName": "Isbergssallad Klass 1",
    "price": "32,90",
    "quantity": "ca: 600g",
    "quantityUnit": "g",
    "comparisonUnit": "kg",
    "comparisonPrice": "32,90 kr",
    "brand": null,
    "imageUrl": "https://d2rfo6yapuixuu.cloudfront.net/hc1/h7f/8854214475806/07311042001119.jpg_master_axfood_100",
    "category": {
      "name": "Frukt & Grönt"
    },
    "preferences": [
      {
        "name": "Svensk Flagga"
      },
      {
        "name": "Nyckelhålsmärkt"
      }
    ],
    "store": {
      "name": "Willys",
      "logoUrl": "https://digitalatjanster.se/wp-content/uploads/2020/04/willys-logo.png"
    },
    "discount": null
  },
  {
    "productName": "Banan Klase Rättvisemärkt Klass 1 Eko",
    "price": "22,90",
    "quantity": "ca: 850g",
    "quantityUnit": "g",
    "comparisonUnit": "kg",
    "comparisonPrice": "22,90 kr",
    "brand": null,
    "imageUrl": "https://d2rfo6yapuixuu.cloudfront.net/hae/h92/10262323298334/7311042002482_1593420939098_master_axfood_100",
    "category": {
      "name": "Frukt & Grönt"
    },
    "preferences": [
      {
        "name": "Ekologiskt"
      },
      {
        "name": "KRAV-märkt"
      },
      {
        "name": "Fairtrade"
      },
      {
        "name": "Nyckelhålsmärkt"
      }
    ],
    "store": {
      "name": "Willys",
      "logoUrl": "https://digitalatjanster.se/wp-content/uploads/2020/04/willys-logo.png"
    },
    "discount": null
  },
  {
    "productName": "Paprika Röd Klass 1",
    "price": "27,90",
    "quantity": "ca: 180g",
    "quantityUnit": "g",
    "comparisonUnit": "kg",
    "comparisonPrice": "27,90 kr",
    "brand": null,
    "imageUrl": "https://d2rfo6yapuixuu.cloudfront.net/h3d/h91/8854206873630/07311042001621.jpg_master_axfood_100",
    "category": {
      "name": "Frukt & Grönt"
    },
    "preferences": [
      {
        "name": "Nyckelhålsmärkt"
      }
    ],
    "store": {
      "name": "Willys",
      "logoUrl": "https://digitalatjanster.se/wp-content/uploads/2020/04/willys-logo.png"
    },
    "discount": null
  },
  {
    "productName": "Tomat Sverige Klass 1",
    "price": "36,90",
    "quantity": "ca: 80g",
    "quantityUnit": "g",
    "comparisonUnit": "kg",
    "comparisonPrice": "36,90 kr",
    "brand": null,
    "imageUrl": "https://d2rfo6yapuixuu.cloudfront.net/h30/hfb/11769215778846/7311042002192_1622838935411_master_axfood_100",
    "category": {
      "name": "Frukt & Grönt"
    },
    "preferences": [
      {
        "name": "Svensk Flagga"
      },
      {
        "name": "Nyckelhålsmärkt"
      }
    ],
    "store": {
      "name": "Willys",
      "logoUrl": "https://digitalatjanster.se/wp-content/uploads/2020/04/willys-logo.png"
    },
    "discount": null
  },
  {
    "productName": "Majs Förkokt Klass 1",
    "price": "21,90",
    "quantity": "450g",
    "quantityUnit": "g",
    "comparisonUnit": "kg",
    "comparisonPrice": "48,67 kr",
    "brand": "Garant",
    "imageUrl": "https://d2rfo6yapuixuu.cloudfront.net/h38/hf6/11951999778846/7311042001461_1628080269966_master_axfood_100",
    "category": {
      "name": "Frukt & Grönt"
    },
    "preferences": [
      {
        "name": "Nyckelhålsmärkt"
      }
    ],
    "store": {
      "name": "Willys",
      "logoUrl": "https://digitalatjanster.se/wp-content/uploads/2020/04/willys-logo.png"
    },
    "discount": null
  },
  {
    "productName": "Tomat Babyplommon Hink Klass 1",
    "price": "39,90",
    "quantity": "500g",
    "quantityUnit": "g",
    "comparisonUnit": "kg",
    "comparisonPrice": "79,80 kr",
    "brand": null,
    "imageUrl": "https://d2rfo6yapuixuu.cloudfront.net/hde/h73/8910398226462/07311042006459.jpg_1489992931113_master_axfood_100",
    "category": {
      "name": "Frukt & Grönt"
    },
    "preferences": [
      {
        "name": "Nyckelhålsmärkt"
      }
    ],
    "store": {
      "name": "Willys",
      "logoUrl": "https://digitalatjanster.se/wp-content/uploads/2020/04/willys-logo.png"
    },
    "discount": {
      "discountType": "GENERAL",
      "quantityToBeBought": 1,
      "displayPrice": "39,90 kr",
      "savings": 12,
      "percentageSavings": 31,
      "isMemberDiscount": false
    }
  },
  {
    "productName": "Romansallad Grön Klass 1",
    "price": "14,90",
    "quantity": "200g",
    "quantityUnit": "g",
    "comparisonUnit": "kg",
    "comparisonPrice": "74,50 kr",
    "brand": null,
    "imageUrl": "https://d2rfo6yapuixuu.cloudfront.net/h3a/haa/8854621192222/07311042002574.jpg_master_axfood_100",
    "category": {
      "name": "Frukt & Grönt"
    },
    "preferences": [
      {
        "name": "Svensk Flagga"
      },
      {
        "name": "Nyckelhålsmärkt"
      }
    ],
    "store": {
      "name": "Willys",
      "logoUrl": "https://digitalatjanster.se/wp-content/uploads/2020/04/willys-logo.png"
    },
    "discount": null
  },
  {
    "productName": "Nektarin Klass 1",
    "price": "41,90",
    "quantity": "ca: 180g",
    "quantityUnit": "g",
    "comparisonUnit": "kg",
    "comparisonPrice": "41,90 kr",
    "brand": null,
    "imageUrl": "https://d2rfo6yapuixuu.cloudfront.net/h53/hfa/11769215451166/7311042000303_1622838932158_master_axfood_100",
    "category": {
      "name": "Frukt & Grönt"
    },
    "preferences": [
      {
        "name": "Nyckelhålsmärkt"
      }
    ],
    "store": {
      "name": "Willys",
      "logoUrl": "https://digitalatjanster.se/wp-content/uploads/2020/04/willys-logo.png"
    },
    "discount": null
  },
  {
    "productName": "Avokado Klass 1",
    "price": "11,90",
    "quantity": "170g",
    "quantityUnit": "g",
    "comparisonUnit": "kg",
    "comparisonPrice": "65,38 kr",
    "brand": null,
    "imageUrl": "https://d2rfo6yapuixuu.cloudfront.net/h9b/he2/8854215262238/07311042000662.jpg_master_axfood_100",
    "category": {
      "name": "Frukt & Grönt"
    },
    "preferences": [
      {
        "name": "Nyckelhålsmärkt"
      }
    ],
    "store": {
      "name": "Willys",
      "logoUrl": "https://digitalatjanster.se/wp-content/uploads/2020/04/willys-logo.png"
    },
    "discount": null
  },
  {
    "productName": "Cocktailtomat Kvist Klass 1",
    "price": "34,90",
    "quantity": "500g",
    "quantityUnit": "g",
    "comparisonUnit": "kg",
    "comparisonPrice": "69,80 kr",
    "brand": null,
    "imageUrl": "https://d2rfo6yapuixuu.cloudfront.net/he7/h7f/8855191420958/07311042002253.jpg_master_axfood_100",
    "category": {
      "name": "Frukt & Grönt"
    },
    "preferences": [
      {
        "name": "Nyckelhålsmärkt"
      }
    ],
    "store": {
      "name": "Willys",
      "logoUrl": "https://digitalatjanster.se/wp-content/uploads/2020/04/willys-logo.png"
    },
    "discount": null
  },
  {
    "productName": "Äpple Royal Gala Klass 1",
    "price": "24,90",
    "quantity": "ca: 170g",
    "quantityUnit": "g",
    "comparisonUnit": "kg",
    "comparisonPrice": "24,90 kr",
    "brand": null,
    "imageUrl": "https://d2rfo6yapuixuu.cloudfront.net/hba/hd9/8985445695518/07311042016953.jpg_1507668936582_master_axfood_100",
    "category": {
      "name": "Frukt & Grönt"
    },
    "preferences": [
      {
        "name": "Nyckelhålsmärkt"
      }
    ],
    "store": {
      "name": "Willys",
      "logoUrl": "https://digitalatjanster.se/wp-content/uploads/2020/04/willys-logo.png"
    },
    "discount": null
  },
  {
    "productName": "Druvor Gröna Klass 1",
    "price": "26,90",
    "quantity": "500g",
    "quantityUnit": "g",
    "comparisonUnit": "kg",
    "comparisonPrice": "53,80 kr",
    "brand": null,
    "imageUrl": "https://d2rfo6yapuixuu.cloudfront.net/haf/h04/8854551724062/07311042000150.jpg_master_axfood_100",
    "category": {
      "name": "Frukt & Grönt"
    },
    "preferences": [
      {
        "name": "Nyckelhålsmärkt"
      }
    ],
    "store": {
      "name": "Willys",
      "logoUrl": "https://digitalatjanster.se/wp-content/uploads/2020/04/willys-logo.png"
    },
    "discount": {
      "discountType": "GENERAL",
      "quantityToBeBought": 1,
      "displayPrice": "26,90 kr",
      "savings": 7,
      "percentageSavings": 27,
      "isMemberDiscount": false
    }
  },
  {
    "productName": "Citroner 1",
    "price": "14,90",
    "quantity": "500g",
    "quantityUnit": "g",
    "comparisonUnit": "kg",
    "comparisonPrice": "29,80 kr",
    "brand": null,
    "imageUrl": "https://d2rfo6yapuixuu.cloudfront.net/h00/h5e/8855380754462/07311042000280.jpg_master_axfood_100",
    "category": {
      "name": "Frukt & Grönt"
    },
    "preferences": [
      {
        "name": "Nyckelhålsmärkt"
      }
    ],
    "store": {
      "name": "Willys",
      "logoUrl": "https://digitalatjanster.se/wp-content/uploads/2020/04/willys-logo.png"
    },
    "discount": null
  },
  {
    "productName": "Dill Kruka Ekologisk Klass 1",
    "price": "16,90",
    "quantity": "",
    "quantityUnit": "g",
    "comparisonUnit": "",
    "comparisonPrice": "",
    "brand": "Garant",
    "imageUrl": "https://d2rfo6yapuixuu.cloudfront.net/hf4/h06/11791372320798/7313300001701_1623320174282_master_axfood_100",
    "category": {
      "name": "Frukt & Grönt"
    },
    "preferences": [
      {
        "name": "Ekologiskt"
      },
      {
        "name": "Svensk Flagga"
      },
      {
        "name": "KRAV-märkt"
      },
      {
        "name": "Nyckelhålsmärkt"
      }
    ],
    "store": {
      "name": "Willys",
      "logoUrl": "https://digitalatjanster.se/wp-content/uploads/2020/04/willys-logo.png"
    },
    "discount": null
  },
  {
    "productName": "Morötter Klass 1",
    "price": "12,90",
    "quantity": "1kg",
    "quantityUnit": "kg",
    "comparisonUnit": "kg",
    "comparisonPrice": "12,90 kr",
    "brand": null,
    "imageUrl": "https://d2rfo6yapuixuu.cloudfront.net/h3c/hee/12001233174558/7330583001785_1629459928988_master_axfood_100",
    "category": {
      "name": "Frukt & Grönt"
    },
    "preferences": [
      {
        "name": "Svensk Flagga"
      },
      {
        "name": "Nyckelhålsmärkt"
      }
    ],
    "store": {
      "name": "Willys",
      "logoUrl": "https://digitalatjanster.se/wp-content/uploads/2020/04/willys-logo.png"
    },
    "discount": null
  },
  {
    "productName": "Potatis Fast Klass 1",
    "price": "10,90",
    "quantity": "",
    "quantityUnit": "g",
    "comparisonUnit": "kg",
    "comparisonPrice": "10,90 kr",
    "brand": null,
    "imageUrl": "https://d2rfo6yapuixuu.cloudfront.net/h64/hcb/8854211067934/07311042005162.jpg_master_axfood_100",
    "category": {
      "name": "Frukt & Grönt"
    },
    "preferences": [
      {
        "name": "Svensk Flagga"
      },
      {
        "name": "Nyckelhålsmärkt"
      }
    ],
    "store": {
      "name": "Willys",
      "logoUrl": "https://digitalatjanster.se/wp-content/uploads/2020/04/willys-logo.png"
    },
    "discount": null
  },
  {
    "productName": "Mozzarella",
    "price": "14,90",
    "quantity": "125g",
    "quantityUnit": "g",
    "comparisonUnit": "kg",
    "comparisonPrice": "119,20 kr",
    "brand": "Granarolo",
    "imageUrl": "https://d2rfo6yapuixuu.cloudfront.net/h9f/hf0/9968895328286/8002670004205_1582106247289_master_axfood_100",
    "category": {
      "name": "Mejeri, Ost & Ägg"
    },
    "preferences": null,
    "store": {
      "name": "Willys",
      "logoUrl": "https://digitalatjanster.se/wp-content/uploads/2020/04/willys-logo.png"
    },
    "discount": null
  },
  {
    "productName": "Crème Fraîche Paprika Chili 11%",
    "price": "14,20",
    "quantity": "2dl",
    "quantityUnit": "g",
    "comparisonUnit": "l",
    "comparisonPrice": "71,00 kr",
    "brand": "Arla Köket",
    "imageUrl": "https://d2rfo6yapuixuu.cloudfront.net/h42/hfa/10110950244382/7310865003607_1589527212808_master_axfood_100",
    "category": {
      "name": "Mejeri, Ost & Ägg"
    },
    "preferences": null,
    "store": {
      "name": "Willys",
      "logoUrl": "https://digitalatjanster.se/wp-content/uploads/2020/04/willys-logo.png"
    },
    "discount": null
  },
  {
    "productName": "Crème Fraîche Lätt Parmesan Vitlök 12%",
    "price": "14,20",
    "quantity": "2dl",
    "quantityUnit": "g",
    "comparisonUnit": "l",
    "comparisonPrice": "71,00 kr",
    "brand": "Arla Köket",
    "imageUrl": "https://d2rfo6yapuixuu.cloudfront.net/hc6/h91/10110906138654/7310865072771_1589526612217_master_axfood_100",
    "category": {
      "name": "Mejeri, Ost & Ägg"
    },
    "preferences": null,
    "store": {
      "name": "Willys",
      "logoUrl": "https://digitalatjanster.se/wp-content/uploads/2020/04/willys-logo.png"
    },
    "discount": null
  },
  {
    "productName": "Crème Fraîche Tomat Basilika 11%",
    "price": "14,20",
    "quantity": "2dl",
    "quantityUnit": "g",
    "comparisonUnit": "l",
    "comparisonPrice": "71,00 kr",
    "brand": "Arla Köket",
    "imageUrl": "https://d2rfo6yapuixuu.cloudfront.net/h23/h35/10110902272030/7310865003812_1589526312722_master_axfood_100",
    "category": {
      "name": "Mejeri, Ost & Ägg"
    },
    "preferences": null,
    "store": {
      "name": "Willys",
      "logoUrl": "https://digitalatjanster.se/wp-content/uploads/2020/04/willys-logo.png"
    },
    "discount": null
  },
  {
    "productName": "Crème Fraîche Fetaost & Soltorkade Tomater 28%",
    "price": "18,50",
    "quantity": "2dl",
    "quantityUnit": "g",
    "comparisonUnit": "l",
    "comparisonPrice": "92,50 kr",
    "brand": "Arla Köket",
    "imageUrl": "https://d2rfo6yapuixuu.cloudfront.net/h27/h23/10110944215070/7310865083456_1589526912309_master_axfood_100",
    "category": {
      "name": "Mejeri, Ost & Ägg"
    },
    "preferences": null,
    "store": {
      "name": "Willys",
      "logoUrl": "https://digitalatjanster.se/wp-content/uploads/2020/04/willys-logo.png"
    },
    "discount": null
  },
  {
    "productName": "Crème Fraîche Franska Örter 11%",
    "price": "14,20",
    "quantity": "2dl",
    "quantityUnit": "g",
    "comparisonUnit": "l",
    "comparisonPrice": "71,00 kr",
    "brand": "Arla Köket",
    "imageUrl": "https://d2rfo6yapuixuu.cloudfront.net/h83/h78/10110898667550/7310865003782_1589526017360_master_axfood_100",
    "category": {
      "name": "Mejeri, Ost & Ägg"
    },
    "preferences": null,
    "store": {
      "name": "Willys",
      "logoUrl": "https://digitalatjanster.se/wp-content/uploads/2020/04/willys-logo.png"
    },
    "discount": null
  },
  {
    "productName": "Crème Fraîche Paprika Chili Laktosfri 13%",
    "price": "14,90",
    "quantity": "2dl",
    "quantityUnit": "g",
    "comparisonUnit": "l",
    "comparisonPrice": "74,50 kr",
    "brand": "Arla Köket",
    "imageUrl": "https://d2rfo6yapuixuu.cloudfront.net/h69/h97/10110951030814/7310865089328_1589527215145_master_axfood_100",
    "category": {
      "name": "Mejeri, Ost & Ägg"
    },
    "preferences": [
      {
        "name": "Laktosfritt"
      }
    ],
    "store": {
      "name": "Willys",
      "logoUrl": "https://digitalatjanster.se/wp-content/uploads/2020/04/willys-logo.png"
    },
    "discount": null
  },
  {
    "productName": "Apelsinjuice Fruktkött",
    "price": "14,90",
    "quantity": "1l",
    "quantityUnit": "g",
    "comparisonUnit": "l",
    "comparisonPrice": "14,90 kr",
    "brand": "Garant",
    "imageUrl": "https://d2rfo6yapuixuu.cloudfront.net/hbe/hed/8920577835038/07340083456886.jpg_1493020283886_master_axfood_100",
    "category": {
      "name": "Mejeri, Ost & Ägg"
    },
    "preferences": null,
    "store": {
      "name": "Willys",
      "logoUrl": "https://digitalatjanster.se/wp-content/uploads/2020/04/willys-logo.png"
    },
    "discount": null
  },
  {
    "productName": "Juice Ananas/apelsin",
    "price": "14,90",
    "quantity": "1l",
    "quantityUnit": "g",
    "comparisonUnit": "l",
    "comparisonPrice": "14,90 kr",
    "brand": "Garant",
    "imageUrl": "https://d2rfo6yapuixuu.cloudfront.net/h09/h3b/8926136860702/07340083458323.jpg_1494401162211_master_axfood_100",
    "category": {
      "name": "Mejeri, Ost & Ägg"
    },
    "preferences": null,
    "store": {
      "name": "Willys",
      "logoUrl": "https://digitalatjanster.se/wp-content/uploads/2020/04/willys-logo.png"
    },
    "discount": null
  },
  {
    "productName": "Juice Tropisk",
    "price": "14,90",
    "quantity": "1l",
    "quantityUnit": "g",
    "comparisonUnit": "l",
    "comparisonPrice": "14,90 kr",
    "brand": "Garant",
    "imageUrl": "https://d2rfo6yapuixuu.cloudfront.net/hc3/h95/9813326397470/7340083456909_1580386843646_master_axfood_100",
    "category": {
      "name": "Mejeri, Ost & Ägg"
    },
    "preferences": null,
    "store": {
      "name": "Willys",
      "logoUrl": "https://digitalatjanster.se/wp-content/uploads/2020/04/willys-logo.png"
    },
    "discount": null
  },
  {
    "productName": "Kvarg Vaniljsmak Utan Socker 0,2%",
    "price": "19,40",
    "quantity": "500g",
    "quantityUnit": "g",
    "comparisonUnit": "kg",
    "comparisonPrice": "38,80 kr",
    "brand": "Lindahls",
    "imageUrl": "https://d2rfo6yapuixuu.cloudfront.net/h0d/he9/11776376864798/7392672002448_1623071159682_master_axfood_100",
    "category": {
      "name": "Mejeri, Ost & Ägg"
    },
    "preferences": null,
    "store": {
      "name": "Willys",
      "logoUrl": "https://digitalatjanster.se/wp-content/uploads/2020/04/willys-logo.png"
    },
    "discount": null
  },
  {
    "productName": "Kvargyoghurt Vanilj 0,2%",
    "price": "18,40",
    "quantity": "500g",
    "quantityUnit": "g",
    "comparisonUnit": "kg",
    "comparisonPrice": "36,80 kr",
    "brand": "Lindahls",
    "imageUrl": "https://d2rfo6yapuixuu.cloudfront.net/ha6/h8d/11796571553822/7392672001472_1623407766905_master_axfood_100",
    "category": {
      "name": "Mejeri, Ost & Ägg"
    },
    "preferences": null,
    "store": {
      "name": "Willys",
      "logoUrl": "https://digitalatjanster.se/wp-content/uploads/2020/04/willys-logo.png"
    },
    "discount": null
  },
  {
    "productName": "Kvarg Jordgubb",
    "price": "19,40",
    "quantity": "500g",
    "quantityUnit": "g",
    "comparisonUnit": "kg",
    "comparisonPrice": "38,80 kr",
    "brand": "Lindahls",
    "imageUrl": "https://d2rfo6yapuixuu.cloudfront.net/h43/h7a/11776150765598/7392672004619_1623069352585_master_axfood_100",
    "category": {
      "name": "Mejeri, Ost & Ägg"
    },
    "preferences": null,
    "store": {
      "name": "Willys",
      "logoUrl": "https://digitalatjanster.se/wp-content/uploads/2020/04/willys-logo.png"
    },
    "discount": null
  },
  {
    "productName": "Kvarg Hallonsmak Utan Socker 0,2%",
    "price": "19,40",
    "quantity": "500g",
    "quantityUnit": "g",
    "comparisonUnit": "kg",
    "comparisonPrice": "38,80 kr",
    "brand": "Lindahls",
    "imageUrl": "https://d2rfo6yapuixuu.cloudfront.net/h81/hd9/11776204144670/7392672002059_1623069651841_master_axfood_100",
    "category": {
      "name": "Mejeri, Ost & Ägg"
    },
    "preferences": null,
    "store": {
      "name": "Willys",
      "logoUrl": "https://digitalatjanster.se/wp-content/uploads/2020/04/willys-logo.png"
    },
    "discount": null
  },
  {
    "productName": "Kvarg Vaniljsmak Laktosfri 0,2%",
    "price": "19,90",
    "quantity": "500g",
    "quantityUnit": "g",
    "comparisonUnit": "kg",
    "comparisonPrice": "39,80 kr",
    "brand": "Lindahls",
    "imageUrl": "https://d2rfo6yapuixuu.cloudfront.net/hf2/h3f/11776378961950/7392672002561_1623071163830_master_axfood_100",
    "category": {
      "name": "Mejeri, Ost & Ägg"
    },
    "preferences": [
      {
        "name": "Laktosfritt"
      }
    ],
    "store": {
      "name": "Willys",
      "logoUrl": "https://digitalatjanster.se/wp-content/uploads/2020/04/willys-logo.png"
    },
    "discount": null
  },
  {
    "productName": "Kvarg Naturell Laktosfri 0,2%",
    "price": "16,70",
    "quantity": "500g",
    "quantityUnit": "g",
    "comparisonUnit": "kg",
    "comparisonPrice": "33,40 kr",
    "brand": "Lindahls",
    "imageUrl": "https://d2rfo6yapuixuu.cloudfront.net/h43/hd4/11776203816990/7392672001854_1623069649741_master_axfood_100",
    "category": {
      "name": "Mejeri, Ost & Ägg"
    },
    "preferences": [
      {
        "name": "Nyckelhålsmärkt"
      },
      {
        "name": "Laktosfritt"
      }
    ],
    "store": {
      "name": "Willys",
      "logoUrl": "https://digitalatjanster.se/wp-content/uploads/2020/04/willys-logo.png"
    },
    "discount": null
  },
  {
    "productName": "Kvarg Blåbär Utan Socker 0,2%",
    "price": "19,40",
    "quantity": "500g",
    "quantityUnit": "g",
    "comparisonUnit": "kg",
    "comparisonPrice": "38,80 kr",
    "brand": "Lindahls",
    "imageUrl": "https://d2rfo6yapuixuu.cloudfront.net/he2/hc8/11776204603422/7392672002066_1623069653659_master_axfood_100",
    "category": {
      "name": "Mejeri, Ost & Ägg"
    },
    "preferences": null,
    "store": {
      "name": "Willys",
      "logoUrl": "https://digitalatjanster.se/wp-content/uploads/2020/04/willys-logo.png"
    },
    "discount": null
  },
  {
    "productName": "Kvarg Hallonsmak Laktosfri 0,2%",
    "price": "19,90",
    "quantity": "500g",
    "quantityUnit": "g",
    "comparisonUnit": "kg",
    "comparisonPrice": "39,80 kr",
    "brand": "Lindahls",
    "imageUrl": "https://d2rfo6yapuixuu.cloudfront.net/h7d/h00/11776206307358/7392672002134_1623069657536_master_axfood_100",
    "category": {
      "name": "Mejeri, Ost & Ägg"
    },
    "preferences": [
      {
        "name": "Laktosfritt"
      }
    ],
    "store": {
      "name": "Willys",
      "logoUrl": "https://digitalatjanster.se/wp-content/uploads/2020/04/willys-logo.png"
    },
    "discount": null
  },
  {
    "productName": "Yoghurt Naturell Laktosfri 1,5%",
    "price": "17,20",
    "quantity": "1000g",
    "quantityUnit": "g",
    "comparisonUnit": "kg",
    "comparisonPrice": "17,20 kr",
    "brand": "Garant",
    "imageUrl": "https://d2rfo6yapuixuu.cloudfront.net/h18/h05/8869546754078/07340083435942.jpg_1470732330013_master_axfood_100",
    "category": {
      "name": "Mejeri, Ost & Ägg"
    },
    "preferences": [
      {
        "name": "Svensk Flagga"
      },
      {
        "name": "Laktosfritt"
      }
    ],
    "store": {
      "name": "Willys",
      "logoUrl": "https://digitalatjanster.se/wp-content/uploads/2020/04/willys-logo.png"
    },
    "discount": null
  },
  {
    "productName": "Vaniljyoghurt Laktosfri Fetthalt 1,3%",
    "price": "17,60",
    "quantity": "1000g",
    "quantityUnit": "g",
    "comparisonUnit": "kg",
    "comparisonPrice": "17,60 kr",
    "brand": "Garant",
    "imageUrl": "https://d2rfo6yapuixuu.cloudfront.net/h4e/h3c/9253057265694/7340083435935_1539348635010_master_axfood_100",
    "category": {
      "name": "Mejeri, Ost & Ägg"
    },
    "preferences": [
      {
        "name": "Laktosfritt"
      }
    ],
    "store": {
      "name": "Willys",
      "logoUrl": "https://digitalatjanster.se/wp-content/uploads/2020/04/willys-logo.png"
    },
    "discount": null
  },
  {
    "productName": "Nachos Chips Big Pack",
    "price": "26,50",
    "quantity": "475g",
    "quantityUnit": "g",
    "comparisonUnit": "kg",
    "comparisonPrice": "55,79 kr",
    "brand": "Santa Maria",
    "imageUrl": "https://d2rfo6yapuixuu.cloudfront.net/h0a/h34/8862485086238/07311310032128.jpg_master_axfood_100",
    "category": {
      "name": "Skafferi"
    },
    "preferences": null,
    "store": {
      "name": "Willys",
      "logoUrl": "https://digitalatjanster.se/wp-content/uploads/2020/04/willys-logo.png"
    },
    "discount": null
  },
  {
    "productName": "Majs",
    "price": "12,90",
    "quantity": "340/285g",
    "quantityUnit": "g",
    "comparisonUnit": "kg",
    "comparisonPrice": "45,26 kr",
    "brand": "Garant",
    "imageUrl": "https://d2rfo6yapuixuu.cloudfront.net/h0f/h41/9889692844062/7340083476587_1583444142517_master_axfood_100",
    "category": {
      "name": "Skafferi"
    },
    "preferences": [
      {
        "name": "Nyckelhålsmärkt"
      }
    ],
    "store": {
      "name": "Willys",
      "logoUrl": "https://digitalatjanster.se/wp-content/uploads/2020/04/willys-logo.png"
    },
    "discount": null
  },
  {
    "productName": "Havreringar Naturell",
    "price": "19,50",
    "quantity": "350g",
    "quantityUnit": "g",
    "comparisonUnit": "kg",
    "comparisonPrice": "55,71 kr",
    "brand": "Frebaco Kvarn",
    "imageUrl": "https://d2rfo6yapuixuu.cloudfront.net/h03/h7d/10172749807646/7312560057404_1591088125962_master_axfood_100",
    "category": {
      "name": "Skafferi"
    },
    "preferences": [
      {
        "name": "Svensk Flagga"
      },
      {
        "name": "Nyckelhålsmärkt"
      }
    ],
    "store": {
      "name": "Willys",
      "logoUrl": "https://digitalatjanster.se/wp-content/uploads/2020/04/willys-logo.png"
    },
    "discount": null
  },
  {
    "productName": "Fettuccine Italiensk Färsk Pasta",
    "price": "17,90",
    "quantity": "500g",
    "quantityUnit": "g",
    "comparisonUnit": "kg",
    "comparisonPrice": "35,80 kr",
    "brand": "Eldorado",
    "imageUrl": "https://d2rfo6yapuixuu.cloudfront.net/h3c/h70/8857107988510/07340083430756.jpg_master_axfood_100",
    "category": {
      "name": "Skafferi"
    },
    "preferences": null,
    "store": {
      "name": "Willys",
      "logoUrl": "https://digitalatjanster.se/wp-content/uploads/2020/04/willys-logo.png"
    },
    "discount": null
  },
  {
    "productName": "Tagliolini Italiensk Färsk Pasta",
    "price": "17,90",
    "quantity": "500g",
    "quantityUnit": "g",
    "comparisonUnit": "kg",
    "comparisonPrice": "35,80 kr",
    "brand": "Eldorado",
    "imageUrl": "https://d2rfo6yapuixuu.cloudfront.net/hd7/hb8/8857105891358/07340083430763.jpg_master_axfood_100",
    "category": {
      "name": "Skafferi"
    },
    "preferences": null,
    "store": {
      "name": "Willys",
      "logoUrl": "https://digitalatjanster.se/wp-content/uploads/2020/04/willys-logo.png"
    },
    "discount": null
  },
  {
    "productName": "Pesto Genovese",
    "price": "23,90",
    "quantity": "190g",
    "quantityUnit": "g",
    "comparisonUnit": "kg",
    "comparisonPrice": "125,79 kr",
    "brand": "Barilla",
    "imageUrl": "https://d2rfo6yapuixuu.cloudfront.net/hb5/hdd/9884990963742/8076809513753_1583315731452_master_axfood_100",
    "category": {
      "name": "Skafferi"
    },
    "preferences": null,
    "store": {
      "name": "Willys",
      "logoUrl": "https://digitalatjanster.se/wp-content/uploads/2020/04/willys-logo.png"
    },
    "discount": null
  },
  {
    "productName": "Pesto Rosso",
    "price": "23,90",
    "quantity": "200g",
    "quantityUnit": "g",
    "comparisonUnit": "kg",
    "comparisonPrice": "119,50 kr",
    "brand": "Barilla",
    "imageUrl": "https://d2rfo6yapuixuu.cloudfront.net/h9b/hff/9868989366302/8076809523547_1582723235916_master_axfood_100",
    "category": {
      "name": "Skafferi"
    },
    "preferences": null,
    "store": {
      "name": "Willys",
      "logoUrl": "https://digitalatjanster.se/wp-content/uploads/2020/04/willys-logo.png"
    },
    "discount": null
  },
  {
    "productName": "Pesto Basilico Peperoncino",
    "price": "23,90",
    "quantity": "195g",
    "quantityUnit": "g",
    "comparisonUnit": "kg",
    "comparisonPrice": "122,56 kr",
    "brand": "Barilla",
    "imageUrl": "https://d2rfo6yapuixuu.cloudfront.net/h46/hff/11254543089694/8076809578264_1614007847462_master_axfood_100",
    "category": {
      "name": "Skafferi"
    },
    "preferences": null,
    "store": {
      "name": "Willys",
      "logoUrl": "https://digitalatjanster.se/wp-content/uploads/2020/04/willys-logo.png"
    },
    "discount": null
  },
  {
    "productName": "Gnocchi Italiensk",
    "price": "15,50",
    "quantity": "500g",
    "quantityUnit": "g",
    "comparisonUnit": "kg",
    "comparisonPrice": "31,00 kr",
    "brand": "Eldorado",
    "imageUrl": "https://d2rfo6yapuixuu.cloudfront.net/hc2/h6c/8862056284190/07340083445187.jpg_master_axfood_100",
    "category": {
      "name": "Skafferi"
    },
    "preferences": null,
    "store": {
      "name": "Willys",
      "logoUrl": "https://digitalatjanster.se/wp-content/uploads/2020/04/willys-logo.png"
    },
    "discount": null
  },
  {
    "productName": "Taco Spice Mix",
    "price": "9,20",
    "quantity": "28g",
    "quantityUnit": "g",
    "comparisonUnit": "",
    "comparisonPrice": "",
    "brand": "Santa Maria",
    "imageUrl": "https://d2rfo6yapuixuu.cloudfront.net/h95/hbd/12060464873502/7311310031015_1631022622953_master_axfood_100",
    "category": {
      "name": "Skafferi"
    },
    "preferences": null,
    "store": {
      "name": "Willys",
      "logoUrl": "https://digitalatjanster.se/wp-content/uploads/2020/04/willys-logo.png"
    },
    "discount": null
  },
  {
    "productName": "Fajita Original Spice Mix",
    "price": "10,90",
    "quantity": "28g",
    "quantityUnit": "g",
    "comparisonUnit": "",
    "comparisonPrice": "",
    "brand": "Santa Maria",
    "imageUrl": "https://d2rfo6yapuixuu.cloudfront.net/h0e/h7a/12060407070750/7311310031367_1631022321192_master_axfood_100",
    "category": {
      "name": "Skafferi"
    },
    "preferences": null,
    "store": {
      "name": "Willys",
      "logoUrl": "https://digitalatjanster.se/wp-content/uploads/2020/04/willys-logo.png"
    },
    "discount": null
  },
  {
    "productName": "Taco Hot Cayenne Spice Mix",
    "price": "10,90",
    "quantity": "28g",
    "quantityUnit": "g",
    "comparisonUnit": "",
    "comparisonPrice": "",
    "brand": "Santa Maria",
    "imageUrl": "https://d2rfo6yapuixuu.cloudfront.net/h2b/hb4/12060531589150/7311310031329_1631023532462_master_axfood_100",
    "category": {
      "name": "Skafferi"
    },
    "preferences": null,
    "store": {
      "name": "Willys",
      "logoUrl": "https://digitalatjanster.se/wp-content/uploads/2020/04/willys-logo.png"
    },
    "discount": null
  },
  {
    "productName": "Chicken Taco Spicemix",
    "price": "10,90",
    "quantity": "28g",
    "quantityUnit": "g",
    "comparisonUnit": "",
    "comparisonPrice": "",
    "brand": "Santa Maria",
    "imageUrl": "https://d2rfo6yapuixuu.cloudfront.net/h36/hcf/12060558327838/7311311013201_1631023835337_master_axfood_100",
    "category": {
      "name": "Skafferi"
    },
    "preferences": null,
    "store": {
      "name": "Willys",
      "logoUrl": "https://digitalatjanster.se/wp-content/uploads/2020/04/willys-logo.png"
    },
    "discount": null
  },
  {
    "productName": "Enchilada Spice Mix",
    "price": "10,90",
    "quantity": "28g",
    "quantityUnit": "g",
    "comparisonUnit": "",
    "comparisonPrice": "",
    "brand": "Santa Maria",
    "imageUrl": "https://d2rfo6yapuixuu.cloudfront.net/h07/h18/12060500918302/7311310031442_1631023229597_master_axfood_100",
    "category": {
      "name": "Skafferi"
    },
    "preferences": null,
    "store": {
      "name": "Willys",
      "logoUrl": "https://digitalatjanster.se/wp-content/uploads/2020/04/willys-logo.png"
    },
    "discount": null
  },
  {
    "productName": "Taco Original Organic Mix",
    "price": "10,30",
    "quantity": "28g",
    "quantityUnit": "g",
    "comparisonUnit": "",
    "comparisonPrice": "",
    "brand": "Santa Maria",
    "imageUrl": "https://d2rfo6yapuixuu.cloudfront.net/hf5/hf4/8862487183390/07311310031336.jpg_master_axfood_100",
    "category": {
      "name": "Skafferi"
    },
    "preferences": [
      {
        "name": "Ekologiskt"
      }
    ],
    "store": {
      "name": "Willys",
      "logoUrl": "https://digitalatjanster.se/wp-content/uploads/2020/04/willys-logo.png"
    },
    "discount": null
  },
  {
    "productName": "Cheese Dip Mix",
    "price": "8,50",
    "quantity": "16g",
    "quantityUnit": "g",
    "comparisonUnit": "",
    "comparisonPrice": "",
    "brand": "Santa Maria",
    "imageUrl": "https://d2rfo6yapuixuu.cloudfront.net/h56/had/8869133975582/07311311003097.jpg_1469923681954_master_axfood_100",
    "category": {
      "name": "Skafferi"
    },
    "preferences": null,
    "store": {
      "name": "Willys",
      "logoUrl": "https://digitalatjanster.se/wp-content/uploads/2020/04/willys-logo.png"
    },
    "discount": null
  },
  {
    "productName": "Nutella",
    "price": "40,90",
    "quantity": "630g",
    "quantityUnit": "g",
    "comparisonUnit": "kg",
    "comparisonPrice": "64,92 kr",
    "brand": "Nutella",
    "imageUrl": "https://d2rfo6yapuixuu.cloudfront.net/hce/he4/10424342577182/59032823_1597996220889_master_axfood_100",
    "category": {
      "name": "Skafferi"
    },
    "preferences": null,
    "store": {
      "name": "Willys",
      "logoUrl": "https://digitalatjanster.se/wp-content/uploads/2020/04/willys-logo.png"
    },
    "discount": null
  },
  {
    "productName": "Ättika",
    "price": "12,90",
    "quantity": "1l",
    "quantityUnit": "g",
    "comparisonUnit": "l",
    "comparisonPrice": "12,90 kr",
    "brand": "Eldorado",
    "imageUrl": "https://d2rfo6yapuixuu.cloudfront.net/h4b/h49/8856316346398/07311041072769.jpg_master_axfood_100",
    "category": {
      "name": "Skafferi"
    },
    "preferences": null,
    "store": {
      "name": "Willys",
      "logoUrl": "https://digitalatjanster.se/wp-content/uploads/2020/04/willys-logo.png"
    },
    "discount": null
  },
  {
    "productName": "Pumpakärnor",
    "price": "56,90",
    "quantity": "800g",
    "quantityUnit": "g",
    "comparisonUnit": "kg",
    "comparisonPrice": "71,13 kr",
    "brand": "Eldorado",
    "imageUrl": "https://d2rfo6yapuixuu.cloudfront.net/h27/hdf/8873777889310/07340083450624.jpg_1474464085758_master_axfood_100",
    "category": {
      "name": "Skafferi"
    },
    "preferences": null,
    "store": {
      "name": "Willys",
      "logoUrl": "https://digitalatjanster.se/wp-content/uploads/2020/04/willys-logo.png"
    },
    "discount": null
  },
  {
    "productName": "Solroskärnor",
    "price": "25,90",
    "quantity": "800g",
    "quantityUnit": "g",
    "comparisonUnit": "kg",
    "comparisonPrice": "32,38 kr",
    "brand": "Eldorado",
    "imageUrl": "https://d2rfo6yapuixuu.cloudfront.net/hab/hd4/8873777561630/07340083450617.jpg_1474464080320_master_axfood_100",
    "category": {
      "name": "Skafferi"
    },
    "preferences": null,
    "store": {
      "name": "Willys",
      "logoUrl": "https://digitalatjanster.se/wp-content/uploads/2020/04/willys-logo.png"
    },
    "discount": null
  },
  {
    "productName": "Croissant",
    "price": "6,50",
    "quantity": "60g",
    "quantityUnit": "g",
    "comparisonUnit": "kg",
    "comparisonPrice": "108,33 kr",
    "brand": "Dafgård",
    "imageUrl": "https://d2rfo6yapuixuu.cloudfront.net/h22/h06/8855666819102/7310960856245.jpg_master_axfood_100",
    "category": {
      "name": "Bröd & Bageri"
    },
    "preferences": null,
    "store": {
      "name": "Willys",
      "logoUrl": "https://digitalatjanster.se/wp-content/uploads/2020/04/willys-logo.png"
    },
    "discount": {
      "discountType": "GENERAL",
      "quantityToBeBought": 4,
      "displayPrice": "6,50 kr",
      "savings": 1,
      "percentageSavings": 17,
      "isMemberDiscount": false
    }
  },
  {
    "productName": "Rågbröd Mustigt",
    "price": "15,90",
    "quantity": "340g",
    "quantityUnit": "g",
    "comparisonUnit": "kg",
    "comparisonPrice": "46,77 kr",
    "brand": "Garant",
    "imageUrl": "https://d2rfo6yapuixuu.cloudfront.net/h3c/hd7/9256754315294/7340083463907_1539787840031_master_axfood_100",
    "category": {
      "name": "Bröd & Bageri"
    },
    "preferences": [
      {
        "name": "Nyckelhålsmärkt"
      }
    ],
    "store": {
      "name": "Willys",
      "logoUrl": "https://digitalatjanster.se/wp-content/uploads/2020/04/willys-logo.png"
    },
    "discount": null
  },
  {
    "productName": "Rågbröd Solros/pumpa 6-pack",
    "price": "15,90",
    "quantity": "340g",
    "quantityUnit": "g",
    "comparisonUnit": "kg",
    "comparisonPrice": "46,77 kr",
    "brand": "Garant",
    "imageUrl": "https://d2rfo6yapuixuu.cloudfront.net/h0b/h90/9789539909662/7340083479519_1579471308744_master_axfood_100",
    "category": {
      "name": "Bröd & Bageri"
    },
    "preferences": [
      {
        "name": "Nyckelhålsmärkt"
      }
    ],
    "store": {
      "name": "Willys",
      "logoUrl": "https://digitalatjanster.se/wp-content/uploads/2020/04/willys-logo.png"
    },
    "discount": null
  },
  {
    "productName": "Rågbröd Grovt 6-pack",
    "price": "15,90",
    "quantity": "300g",
    "quantityUnit": "g",
    "comparisonUnit": "kg",
    "comparisonPrice": "53,00 kr",
    "brand": "Garant",
    "imageUrl": "https://d2rfo6yapuixuu.cloudfront.net/hdc/h58/10312590852126/7340083482229_1594845632696_master_axfood_100",
    "category": {
      "name": "Bröd & Bageri"
    },
    "preferences": [
      {
        "name": "Nyckelhålsmärkt"
      }
    ],
    "store": {
      "name": "Willys",
      "logoUrl": "https://digitalatjanster.se/wp-content/uploads/2020/04/willys-logo.png"
    },
    "discount": null
  },
  {
    "productName": "Ciabatta",
    "price": "7,50",
    "quantity": "150g",
    "quantityUnit": "g",
    "comparisonUnit": "kg",
    "comparisonPrice": "50,00 kr",
    "brand": "Dafgård",
    "imageUrl": "https://d2rfo6yapuixuu.cloudfront.net/h1d/hfb/8862461755422/07310960025399.jpg_master_axfood_100",
    "category": {
      "name": "Bröd & Bageri"
    },
    "preferences": null,
    "store": {
      "name": "Willys",
      "logoUrl": "https://digitalatjanster.se/wp-content/uploads/2020/04/willys-logo.png"
    },
    "discount": {
      "discountType": "LOYALTY",
      "quantityToBeBought": 4,
      "displayPrice": "7,50 kr",
      "savings": 3.75,
      "percentageSavings": 54,
      "isMemberDiscount": false
    }
  },
  {
    "productName": "Limpa Skogaholm Skivad",
    "price": "23,50",
    "quantity": "775g",
    "quantityUnit": "g",
    "comparisonUnit": "kg",
    "comparisonPrice": "30,32 kr",
    "brand": "Skogaholm",
    "imageUrl": "https://d2rfo6yapuixuu.cloudfront.net/ha2/hae/11441871093790/7312200010110_1617008428808_master_axfood_100",
    "category": {
      "name": "Bröd & Bageri"
    },
    "preferences": null,
    "store": {
      "name": "Willys",
      "logoUrl": "https://digitalatjanster.se/wp-content/uploads/2020/04/willys-logo.png"
    },
    "discount": null
  },
  {
    "productName": "Hamburgerbröd Brioche 4-pack",
    "price": "20,90",
    "quantity": "200g",
    "quantityUnit": "g",
    "comparisonUnit": "kg",
    "comparisonPrice": "104,50 kr",
    "brand": "Garant",
    "imageUrl": "https://d2rfo6yapuixuu.cloudfront.net/h52/hd8/8999227752478/07340083444388.jpg_1509700241868_master_axfood_100",
    "category": {
      "name": "Bröd & Bageri"
    },
    "preferences": null,
    "store": {
      "name": "Willys",
      "logoUrl": "https://digitalatjanster.se/wp-content/uploads/2020/04/willys-logo.png"
    },
    "discount": null
  },
  {
    "productName": "Brioche Hamburgerbröd Sesam",
    "price": "21,90",
    "quantity": "200g",
    "quantityUnit": "g",
    "comparisonUnit": "kg",
    "comparisonPrice": "109,50 kr",
    "brand": "Garant",
    "imageUrl": "https://d2rfo6yapuixuu.cloudfront.net/h2e/haf/10399267979294/7340083481017_1597351916992_master_axfood_100",
    "category": {
      "name": "Bröd & Bageri"
    },
    "preferences": null,
    "store": {
      "name": "Willys",
      "logoUrl": "https://digitalatjanster.se/wp-content/uploads/2020/04/willys-logo.png"
    },
    "discount": null
  },
  {
    "productName": "Mini Brioche Bun",
    "price": "24,90",
    "quantity": "200g",
    "quantityUnit": "g",
    "comparisonUnit": "kg",
    "comparisonPrice": "124,50 kr",
    "brand": "Garant",
    "imageUrl": "https://d2rfo6yapuixuu.cloudfront.net/h55/h4c/10399268765726/7340083481024_1597351920458_master_axfood_100",
    "category": {
      "name": "Bröd & Bageri"
    },
    "preferences": null,
    "store": {
      "name": "Willys",
      "logoUrl": "https://digitalatjanster.se/wp-content/uploads/2020/04/willys-logo.png"
    },
    "discount": null
  },
  {
    "productName": "Baguetter Vitlök Frysta",
    "price": "16,90",
    "quantity": "2p/350g",
    "quantityUnit": "g",
    "comparisonUnit": "kg",
    "comparisonPrice": "48,28 kr",
    "brand": "Garant",
    "imageUrl": "https://d2rfo6yapuixuu.cloudfront.net/hd4/h0b/8883507200030/07311041069059.jpg_1481185882220_master_axfood_100",
    "category": {
      "name": "Bröd & Bageri"
    },
    "preferences": null,
    "store": {
      "name": "Willys",
      "logoUrl": "https://digitalatjanster.se/wp-content/uploads/2020/04/willys-logo.png"
    },
    "discount": null
  },
  {
    "productName": "Korvbröd 8-pack",
    "price": "26,50",
    "quantity": "336g",
    "quantityUnit": "g",
    "comparisonUnit": "kg",
    "comparisonPrice": "78,87 kr",
    "brand": "Pågen",
    "imageUrl": "https://d2rfo6yapuixuu.cloudfront.net/hd2/h9d/11629101285406/7311071336718_1620204381669_master_axfood_100",
    "category": {
      "name": "Bröd & Bageri"
    },
    "preferences": null,
    "store": {
      "name": "Willys",
      "logoUrl": "https://digitalatjanster.se/wp-content/uploads/2020/04/willys-logo.png"
    },
    "discount": null
  },
  {
    "productName": "Hamburgerbröd Frisco 4-pack",
    "price": "22,90",
    "quantity": "324g",
    "quantityUnit": "g",
    "comparisonUnit": "kg",
    "comparisonPrice": "70,68 kr",
    "brand": "Korvbrödbagarn",
    "imageUrl": "https://d2rfo6yapuixuu.cloudfront.net/h03/h9a/11900951101470/7311379536292_1626177353427_master_axfood_100",
    "category": {
      "name": "Bröd & Bageri"
    },
    "preferences": null,
    "store": {
      "name": "Willys",
      "logoUrl": "https://digitalatjanster.se/wp-content/uploads/2020/04/willys-logo.png"
    },
    "discount": null
  },
  {
    "productName": "Hamburgerbröd 8-pack",
    "price": "29,50",
    "quantity": "448g",
    "quantityUnit": "g",
    "comparisonUnit": "kg",
    "comparisonPrice": "65,85 kr",
    "brand": "Korvbrödbagarn",
    "imageUrl": "https://d2rfo6yapuixuu.cloudfront.net/h43/he3/11900949266462/7311379536278_1626177344884_master_axfood_100",
    "category": {
      "name": "Bröd & Bageri"
    },
    "preferences": null,
    "store": {
      "name": "Willys",
      "logoUrl": "https://digitalatjanster.se/wp-content/uploads/2020/04/willys-logo.png"
    },
    "discount": null
  },
  {
    "productName": "Hamburgerbröd Fiberrika 8-pack",
    "price": "29,90",
    "quantity": "480g",
    "quantityUnit": "g",
    "comparisonUnit": "kg",
    "comparisonPrice": "62,29 kr",
    "brand": "Korvbrödbagarn",
    "imageUrl": "https://d2rfo6yapuixuu.cloudfront.net/h2b/h8f/11900961325086/7311379536285_1626177635854_master_axfood_100",
    "category": {
      "name": "Bröd & Bageri"
    },
    "preferences": null,
    "store": {
      "name": "Willys",
      "logoUrl": "https://digitalatjanster.se/wp-content/uploads/2020/04/willys-logo.png"
    },
    "discount": null
  },
  {
    "productName": "Jättefranska",
    "price": "28,70",
    "quantity": "1,1 kg",
    "quantityUnit": "kg",
    "comparisonUnit": "kg",
    "comparisonPrice": "26,09 kr",
    "brand": "Pågen",
    "imageUrl": "https://d2rfo6yapuixuu.cloudfront.net/h2e/h45/11317438349342/7311070008463_1614954021062_master_axfood_100",
    "category": {
      "name": "Bröd & Bageri"
    },
    "preferences": null,
    "store": {
      "name": "Willys",
      "logoUrl": "https://digitalatjanster.se/wp-content/uploads/2020/04/willys-logo.png"
    },
    "discount": null
  },
  {
    "productName": "Rasker",
    "price": "28,90",
    "quantity": "1,1kg",
    "quantityUnit": "kg",
    "comparisonUnit": "kg",
    "comparisonPrice": "26,27 kr",
    "brand": "Pågen",
    "imageUrl": "https://d2rfo6yapuixuu.cloudfront.net/he7/hc1/11327148261406/7311070001952_1615195550596_master_axfood_100",
    "category": {
      "name": "Bröd & Bageri"
    },
    "preferences": [
      {
        "name": "Nyckelhålsmärkt"
      }
    ],
    "store": {
      "name": "Willys",
      "logoUrl": "https://digitalatjanster.se/wp-content/uploads/2020/04/willys-logo.png"
    },
    "discount": null
  },
  {
    "productName": "Korvbröd 16-pack",
    "price": "20,50",
    "quantity": "432g",
    "quantityUnit": "g",
    "comparisonUnit": "kg",
    "comparisonPrice": "47,45 kr",
    "brand": "Korvbrödbagarn",
    "imageUrl": "https://d2rfo6yapuixuu.cloudfront.net/h03/hed/11900928229406/7311379532058_1626177046191_master_axfood_100",
    "category": {
      "name": "Bröd & Bageri"
    },
    "preferences": null,
    "store": {
      "name": "Willys",
      "logoUrl": "https://digitalatjanster.se/wp-content/uploads/2020/04/willys-logo.png"
    },
    "discount": null
  },
  {
    "productName": "Korvbröd Fiberrika 10-pack",
    "price": "18,50",
    "quantity": "300g",
    "quantityUnit": "g",
    "comparisonUnit": "kg",
    "comparisonPrice": "61,67 kr",
    "brand": "Korvbrödbagarn",
    "imageUrl": "https://d2rfo6yapuixuu.cloudfront.net/hd2/hd4/11900928950302/7311379532195_1626177049828_master_axfood_100",
    "category": {
      "name": "Bröd & Bageri"
    },
    "preferences": [
      {
        "name": "Nyckelhålsmärkt"
      }
    ],
    "store": {
      "name": "Willys",
      "logoUrl": "https://digitalatjanster.se/wp-content/uploads/2020/04/willys-logo.png"
    },
    "discount": null
  },
  {
    "productName": "Hot Dog Bun Brooklyn",
    "price": "29,90",
    "quantity": "480g",
    "quantityUnit": "g",
    "comparisonUnit": "kg",
    "comparisonPrice": "62,29 kr",
    "brand": "Korvbrödbagarn",
    "imageUrl": "https://d2rfo6yapuixuu.cloudfront.net/hfb/hed/11900944416798/7311379532263_1626177327932_master_axfood_100",
    "category": {
      "name": "Bröd & Bageri"
    },
    "preferences": null,
    "store": {
      "name": "Willys",
      "logoUrl": "https://digitalatjanster.se/wp-content/uploads/2020/04/willys-logo.png"
    },
    "discount": null
  },
  {
    "productName": "Korvbröd French Hot Dog 6-pack",
    "price": "36,90",
    "quantity": "360g",
    "quantityUnit": "g",
    "comparisonUnit": "kg",
    "comparisonPrice": "102,50 kr",
    "brand": "Korvbrödbagarn",
    "imageUrl": "https://d2rfo6yapuixuu.cloudfront.net/h16/h8f/9725048979486/5701060023774_1576152919626_master_axfood_100",
    "category": {
      "name": "Bröd & Bageri"
    },
    "preferences": null,
    "store": {
      "name": "Willys",
      "logoUrl": "https://digitalatjanster.se/wp-content/uploads/2020/04/willys-logo.png"
    },
    "discount": null
  },
  {
    "productName": "Lammframdel med Ben Fryst Halal Nya Zeeland",
    "price": "99,00",
    "quantity": "ca: 2.1kg",
    "quantityUnit": "kg",
    "comparisonUnit": "kg",
    "comparisonPrice": "99,00 kr",
    "brand": "Affco",
    "imageUrl": "https://d2rfo6yapuixuu.cloudfront.net/h99/h9b/8857335267358/2359733200002.jpg_master_axfood_100",
    "category": {
      "name": "Övrigt"
    },
    "preferences": null,
    "store": {
      "name": "Willys",
      "logoUrl": "https://digitalatjanster.se/wp-content/uploads/2020/04/willys-logo.png"
    },
    "discount": {
      "discountType": "LOYALTY",
      "quantityToBeBought": null,
      "displayPrice": "99,00 kr/kg",
      "savings": 24.10000000000001,
      "percentageSavings": 24,
      "isMemberDiscount": false
    }
  },
  {
    "productName": "Vegofärs Fryst",
    "price": "59,90",
    "quantity": "1kg",
    "quantityUnit": "kg",
    "comparisonUnit": "kg",
    "comparisonPrice": "59,90 kr",
    "brand": "Anamma",
    "imageUrl": "https://d2rfo6yapuixuu.cloudfront.net/h01/h32/10666920542238/7310240121117_1603888562996_master_axfood_100",
    "category": {
      "name": "Övrigt"
    },
    "preferences": [
      {
        "name": "Nyckelhålsmärkt"
      },
      {
        "name": "Glutenfritt"
      }
    ],
    "store": {
      "name": "Willys",
      "logoUrl": "https://digitalatjanster.se/wp-content/uploads/2020/04/willys-logo.png"
    },
    "discount": null
  },
  {
    "productName": "Formbar Färs Fryst",
    "price": "59,90",
    "quantity": "850g",
    "quantityUnit": "g",
    "comparisonUnit": "kg",
    "comparisonPrice": "70,47 kr",
    "brand": "Anamma",
    "imageUrl": "https://d2rfo6yapuixuu.cloudfront.net/h46/h1d/11486416338974/7310240120127_1617875470621_master_axfood_100",
    "category": {
      "name": "Övrigt"
    },
    "preferences": [
      {
        "name": "Nyckelhålsmärkt"
      },
      {
        "name": "Glutenfritt"
      }
    ],
    "store": {
      "name": "Willys",
      "logoUrl": "https://digitalatjanster.se/wp-content/uploads/2020/04/willys-logo.png"
    },
    "discount": null
  },
  {
    "productName": "Vegobullar Frysta",
    "price": "59,90",
    "quantity": "900g",
    "quantityUnit": "g",
    "comparisonUnit": "kg",
    "comparisonPrice": "66,55 kr",
    "brand": "Anamma",
    "imageUrl": "https://d2rfo6yapuixuu.cloudfront.net/h69/h93/9030889111582/07310240121131.jpg_1513855939979_master_axfood_100",
    "category": {
      "name": "Övrigt"
    },
    "preferences": [
      {
        "name": "Nyckelhålsmärkt"
      },
      {
        "name": "Glutenfritt"
      }
    ],
    "store": {
      "name": "Willys",
      "logoUrl": "https://digitalatjanster.se/wp-content/uploads/2020/04/willys-logo.png"
    },
    "discount": null
  },
  {
    "productName": "Vegokorv Fryst",
    "price": "59,90",
    "quantity": "840g",
    "quantityUnit": "g",
    "comparisonUnit": "kg",
    "comparisonPrice": "71,31 kr",
    "brand": "Anamma",
    "imageUrl": "https://d2rfo6yapuixuu.cloudfront.net/he5/h9d/9030889439262/07310240121148.jpg_1513855951243_master_axfood_100",
    "category": {
      "name": "Övrigt"
    },
    "preferences": [
      {
        "name": "Glutenfritt"
      }
    ],
    "store": {
      "name": "Willys",
      "logoUrl": "https://digitalatjanster.se/wp-content/uploads/2020/04/willys-logo.png"
    },
    "discount": null
  },
  {
    "productName": "Färs Formbar av Ärta Fryst",
    "price": "65,90",
    "quantity": "750g",
    "quantityUnit": "g",
    "comparisonUnit": "kg",
    "comparisonPrice": "87,86 kr",
    "brand": "Anamma",
    "imageUrl": "https://d2rfo6yapuixuu.cloudfront.net/he7/hf4/11486484267038/7310240120424_1617876069195_master_axfood_100",
    "category": {
      "name": "Övrigt"
    },
    "preferences": [
      {
        "name": "Nyckelhålsmärkt"
      },
      {
        "name": "Glutenfritt"
      }
    ],
    "store": {
      "name": "Willys",
      "logoUrl": "https://digitalatjanster.se/wp-content/uploads/2020/04/willys-logo.png"
    },
    "discount": null
  },
  {
    "productName": "Vegoburgare Frysta",
    "price": "59,90",
    "quantity": "880g",
    "quantityUnit": "g",
    "comparisonUnit": "kg",
    "comparisonPrice": "68,07 kr",
    "brand": "Anamma",
    "imageUrl": "https://d2rfo6yapuixuu.cloudfront.net/hde/h3e/9030888783902/07310240121124.jpg_1513855937896_master_axfood_100",
    "category": {
      "name": "Övrigt"
    },
    "preferences": [
      {
        "name": "Nyckelhålsmärkt"
      },
      {
        "name": "Glutenfritt"
      }
    ],
    "store": {
      "name": "Willys",
      "logoUrl": "https://digitalatjanster.se/wp-content/uploads/2020/04/willys-logo.png"
    },
    "discount": null
  },
  {
    "productName": "Mini Almond",
    "price": "38,90",
    "quantity": "6p",
    "quantityUnit": "g",
    "comparisonUnit": "st",
    "comparisonPrice": "6,48 kr",
    "brand": "Magnum",
    "imageUrl": "https://d2rfo6yapuixuu.cloudfront.net/hbe/h08/9076421853214/08714100635650.jpg_1519520739157_master_axfood_100",
    "category": {
      "name": "Övrigt"
    },
    "preferences": null,
    "store": {
      "name": "Willys",
      "logoUrl": "https://digitalatjanster.se/wp-content/uploads/2020/04/willys-logo.png"
    },
    "discount": null
  },
  {
    "productName": "Mini Classic Almond White",
    "price": "38,90",
    "quantity": "6p",
    "quantityUnit": "g",
    "comparisonUnit": "st",
    "comparisonPrice": "6,48 kr",
    "brand": "Magnum",
    "imageUrl": "https://d2rfo6yapuixuu.cloudfront.net/h7d/h6f/9076419690526/08714100635698.jpg_1519520501466_master_axfood_100",
    "category": {
      "name": "Övrigt"
    },
    "preferences": null,
    "store": {
      "name": "Willys",
      "logoUrl": "https://digitalatjanster.se/wp-content/uploads/2020/04/willys-logo.png"
    },
    "discount": null
  },
  {
    "productName": "Double Gold Caramel Billionaire Glasspinnar",
    "price": "38,90",
    "quantity": "4p",
    "quantityUnit": "g",
    "comparisonUnit": "st",
    "comparisonPrice": "9,73 kr",
    "brand": "Magnum",
    "imageUrl": "https://d2rfo6yapuixuu.cloudfront.net/h0f/h02/11182428749854/8711327483729_1612820787227_master_axfood_100",
    "category": {
      "name": "Övrigt"
    },
    "preferences": null,
    "store": {
      "name": "Willys",
      "logoUrl": "https://digitalatjanster.se/wp-content/uploads/2020/04/willys-logo.png"
    },
    "discount": null
  },
  {
    "productName": "After Dinner Glasspinne",
    "price": "38,90",
    "quantity": "10p",
    "quantityUnit": "g",
    "comparisonUnit": "st",
    "comparisonPrice": "3,89 kr",
    "brand": "Magnum",
    "imageUrl": "https://d2rfo6yapuixuu.cloudfront.net/h72/h6c/8870005080094/08000920576502.jpg_1471510871680_master_axfood_100",
    "category": {
      "name": "Övrigt"
    },
    "preferences": null,
    "store": {
      "name": "Willys",
      "logoUrl": "https://digitalatjanster.se/wp-content/uploads/2020/04/willys-logo.png"
    },
    "discount": null
  },
  {
    "productName": "Strawberry White Chocolate Glasspinnar",
    "price": "38,90",
    "quantity": "4x110ml",
    "quantityUnit": "g",
    "comparisonUnit": "st",
    "comparisonPrice": "9,73 kr",
    "brand": "Magnum",
    "imageUrl": "https://d2rfo6yapuixuu.cloudfront.net/h8e/h31/11189140750366/8722700054375_1612907135566_master_axfood_100",
    "category": {
      "name": "Övrigt"
    },
    "preferences": null,
    "store": {
      "name": "Willys",
      "logoUrl": "https://digitalatjanster.se/wp-content/uploads/2020/04/willys-logo.png"
    },
    "discount": null
  },
  {
    "productName": "Almond Vegan Glasspinnar",
    "price": "38,90",
    "quantity": "3x90ml",
    "quantityUnit": "g",
    "comparisonUnit": "st",
    "comparisonPrice": "12,97 kr",
    "brand": "Magnum",
    "imageUrl": "https://d2rfo6yapuixuu.cloudfront.net/h48/h33/11143844397086/8714100658499_1612244160532_master_axfood_100",
    "category": {
      "name": "Övrigt"
    },
    "preferences": null,
    "store": {
      "name": "Willys",
      "logoUrl": "https://digitalatjanster.se/wp-content/uploads/2020/04/willys-logo.png"
    },
    "discount": null
  },
  {
    "productName": "Double Gold Caramel Billionaire Glass",
    "price": "44,90",
    "quantity": "0.44l",
    "quantityUnit": "g",
    "comparisonUnit": "l",
    "comparisonPrice": "102,04 kr",
    "brand": "Magnum",
    "imageUrl": "https://d2rfo6yapuixuu.cloudfront.net/hd0/he2/11189139832862/8711327480438_1612907125807_master_axfood_100",
    "category": {
      "name": "Övrigt"
    },
    "preferences": null,
    "store": {
      "name": "Willys",
      "logoUrl": "https://digitalatjanster.se/wp-content/uploads/2020/04/willys-logo.png"
    },
    "discount": null
  },
  {
    "productName": "Double Salted Caramel Glass",
    "price": "44,90",
    "quantity": "0.44l",
    "quantityUnit": "g",
    "comparisonUnit": "l",
    "comparisonPrice": "102,04 kr",
    "brand": "Magnum",
    "imageUrl": "https://d2rfo6yapuixuu.cloudfront.net/h2f/h3b/9847296393246/8711327315365_1581807919193_master_axfood_100",
    "category": {
      "name": "Övrigt"
    },
    "preferences": null,
    "store": {
      "name": "Willys",
      "logoUrl": "https://digitalatjanster.se/wp-content/uploads/2020/04/willys-logo.png"
    },
    "discount": null
  },
  {
    "productName": "Magnum Almond Glass",
    "price": "38,90",
    "quantity": "0.4l",
    "quantityUnit": "g",
    "comparisonUnit": "l",
    "comparisonPrice": "88,41 kr",
    "brand": "Gb Glace",
    "imageUrl": "https://d2rfo6yapuixuu.cloudfront.net/h28/h32/8966541377566/08714100289983.jpg_1504394218226_master_axfood_100",
    "category": {
      "name": "Övrigt"
    },
    "preferences": null,
    "store": {
      "name": "Willys",
      "logoUrl": "https://digitalatjanster.se/wp-content/uploads/2020/04/willys-logo.png"
    },
    "discount": null
  },
  {
    "productName": "Magnum Classic Glass",
    "price": "38,90",
    "quantity": "0.4l",
    "quantityUnit": "g",
    "comparisonUnit": "l",
    "comparisonPrice": "88,41 kr",
    "brand": "Gb Glace",
    "imageUrl": "https://d2rfo6yapuixuu.cloudfront.net/h98/h27/8966541049886/08714100289969.jpg_1504394215885_master_axfood_100",
    "category": {
      "name": "Övrigt"
    },
    "preferences": null,
    "store": {
      "name": "Willys",
      "logoUrl": "https://digitalatjanster.se/wp-content/uploads/2020/04/willys-logo.png"
    },
    "discount": null
  },
  {
    "productName": "Double Ruby Berries & Cream Glass",
    "price": "44,90",
    "quantity": "0.44l",
    "quantityUnit": "g",
    "comparisonUnit": "l",
    "comparisonPrice": "102,04 kr",
    "brand": "Magnum",
    "imageUrl": "https://d2rfo6yapuixuu.cloudfront.net/hee/h23/11189140357150/8711327480445_1612907133461_master_axfood_100",
    "category": {
      "name": "Övrigt"
    },
    "preferences": null,
    "store": {
      "name": "Willys",
      "logoUrl": "https://digitalatjanster.se/wp-content/uploads/2020/04/willys-logo.png"
    },
    "discount": null
  },
  {
    "productName": "Innerfilé av Svensk Kyckling Fryst",
    "price": "48,90",
    "quantity": "700g",
    "quantityUnit": "g",
    "comparisonUnit": "kg",
    "comparisonPrice": "69,86 kr",
    "brand": "Garant",
    "imageUrl": "https://d2rfo6yapuixuu.cloudfront.net/hf0/h93/8857474531358/07340083434723.jpg_master_axfood_100",
    "category": {
      "name": "Övrigt"
    },
    "preferences": [
      {
        "name": "Svensk Flagga"
      },
      {
        "name": "Nyckelhålsmärkt"
      }
    ],
    "store": {
      "name": "Willys",
      "logoUrl": "https://digitalatjanster.se/wp-content/uploads/2020/04/willys-logo.png"
    },
    "discount": null
  },
  {
    "productName": "Bröstfilé av Svensk Kyckling Fryst",
    "price": "68,90",
    "quantity": "1kg",
    "quantityUnit": "kg",
    "comparisonUnit": "kg",
    "comparisonPrice": "68,90 kr",
    "brand": "Garant",
    "imageUrl": "https://d2rfo6yapuixuu.cloudfront.net/h35/h32/8857471647774/07340083434716.jpg_master_axfood_100",
    "category": {
      "name": "Övrigt"
    },
    "preferences": [
      {
        "name": "Svensk Flagga"
      },
      {
        "name": "Nyckelhålsmärkt"
      }
    ],
    "store": {
      "name": "Willys",
      "logoUrl": "https://digitalatjanster.se/wp-content/uploads/2020/04/willys-logo.png"
    },
    "discount": null
  },
  {
    "productName": "Räkor Skalade Frysta",
    "price": "59,90",
    "quantity": "400g",
    "quantityUnit": "g",
    "comparisonUnit": "kg",
    "comparisonPrice": "149,75 kr",
    "brand": "Omega",
    "imageUrl": "https://d2rfo6yapuixuu.cloudfront.net/h09/h89/8856511315998/7340083400193.jpg_master_axfood_100",
    "category": {
      "name": "Fisk & Skaldjur"
    },
    "preferences": [
      {
        "name": "Nyckelhålsmärkt"
      }
    ],
    "store": {
      "name": "Willys",
      "logoUrl": "https://digitalatjanster.se/wp-content/uploads/2020/04/willys-logo.png"
    },
    "discount": null
  },
  {
    "productName": "Matjessill Bitar",
    "price": "15,90",
    "quantity": "200/125g",
    "quantityUnit": "g",
    "comparisonUnit": "kg",
    "comparisonPrice": "127,20 kr",
    "brand": "Garant",
    "imageUrl": "https://d2rfo6yapuixuu.cloudfront.net/ha1/ha8/8904324055070/07340083453908.jpg_1488184255866_master_axfood_100",
    "category": {
      "name": "Fisk & Skaldjur"
    },
    "preferences": null,
    "store": {
      "name": "Willys",
      "logoUrl": "https://digitalatjanster.se/wp-content/uploads/2020/04/willys-logo.png"
    },
    "discount": null
  },
  {
    "productName": "Laxfilé Fryst",
    "price": "76,90",
    "quantity": "4x125g",
    "quantityUnit": "g",
    "comparisonUnit": "kg",
    "comparisonPrice": "153,80 kr",
    "brand": "Omega",
    "imageUrl": "https://d2rfo6yapuixuu.cloudfront.net/h8a/h5f/9560664211486/7340083455889_1566560548665_master_axfood_100",
    "category": {
      "name": "Fisk & Skaldjur"
    },
    "preferences": [
      {
        "name": "Nyckelhålsmärkt"
      }
    ],
    "store": {
      "name": "Willys",
      "logoUrl": "https://digitalatjanster.se/wp-content/uploads/2020/04/willys-logo.png"
    },
    "discount": {
      "discountType": "LOYALTY",
      "quantityToBeBought": 1,
      "displayPrice": "76,90 kr",
      "savings": 17,
      "percentageSavings": 22,
      "isMemberDiscount": false
    }
  },
  {
    "productName": "Pinklax",
    "price": "99,00",
    "quantity": "800g",
    "quantityUnit": "g",
    "comparisonUnit": "kg",
    "comparisonPrice": "123,75 kr",
    "brand": "Omega",
    "imageUrl": "https://d2rfo6yapuixuu.cloudfront.net/h71/ha8/10403147808798/7611612800150_1597437656246_master_axfood_100",
    "category": {
      "name": "Fisk & Skaldjur"
    },
    "preferences": null,
    "store": {
      "name": "Willys",
      "logoUrl": "https://digitalatjanster.se/wp-content/uploads/2020/04/willys-logo.png"
    },
    "discount": null
  },
  {
    "productName": "Räkor Stora i Lake",
    "price": "79,90",
    "quantity": "400g",
    "quantityUnit": "g",
    "comparisonUnit": "kg",
    "comparisonPrice": "199,75 kr",
    "brand": "Falkenberg",
    "imageUrl": "https://d2rfo6yapuixuu.cloudfront.net/h72/h51/11363807952926/7340083481079_1615767343554_master_axfood_100",
    "category": {
      "name": "Fisk & Skaldjur"
    },
    "preferences": null,
    "store": {
      "name": "Willys",
      "logoUrl": "https://digitalatjanster.se/wp-content/uploads/2020/04/willys-logo.png"
    },
    "discount": null
  },
  {
    "productName": "Räkor Handskalade",
    "price": "79,90",
    "quantity": "540/280g",
    "quantityUnit": "g",
    "comparisonUnit": "kg",
    "comparisonPrice": "285,35 kr",
    "brand": "Falkenberg",
    "imageUrl": "https://d2rfo6yapuixuu.cloudfront.net/hef/hdf/10211866279966/7340083481437_1591994435125_master_axfood_100",
    "category": {
      "name": "Fisk & Skaldjur"
    },
    "preferences": null,
    "store": {
      "name": "Willys",
      "logoUrl": "https://digitalatjanster.se/wp-content/uploads/2020/04/willys-logo.png"
    },
    "discount": null
  },
  {
    "productName": "Räkor Stora i Lake",
    "price": "39,90",
    "quantity": "170g",
    "quantityUnit": "g",
    "comparisonUnit": "kg",
    "comparisonPrice": "234,71 kr",
    "brand": "Falkenberg",
    "imageUrl": "https://d2rfo6yapuixuu.cloudfront.net/he3/h46/11363807625246/7340083481062_1615767341373_master_axfood_100",
    "category": {
      "name": "Fisk & Skaldjur"
    },
    "preferences": null,
    "store": {
      "name": "Willys",
      "logoUrl": "https://digitalatjanster.se/wp-content/uploads/2020/04/willys-logo.png"
    },
    "discount": null
  },
  {
    "productName": "Räkor i Lake",
    "price": "38,90",
    "quantity": "170g",
    "quantityUnit": "g",
    "comparisonUnit": "kg",
    "comparisonPrice": "228,83 kr",
    "brand": "Falkenberg",
    "imageUrl": "https://d2rfo6yapuixuu.cloudfront.net/h43/h2d/11363806314526/7340083481055_1615767035084_master_axfood_100",
    "category": {
      "name": "Fisk & Skaldjur"
    },
    "preferences": null,
    "store": {
      "name": "Willys",
      "logoUrl": "https://digitalatjanster.se/wp-content/uploads/2020/04/willys-logo.png"
    },
    "discount": null
  },
  {
    "productName": "Svennes Kaviar Mildrökt",
    "price": "18,50",
    "quantity": "250g",
    "quantityUnit": "g",
    "comparisonUnit": "kg",
    "comparisonPrice": "74,00 kr",
    "brand": "Svennes",
    "imageUrl": "https://d2rfo6yapuixuu.cloudfront.net/h7b/ha8/11487498338334/7311170031231_1617886526319_master_axfood_100",
    "category": {
      "name": "Fisk & Skaldjur"
    },
    "preferences": null,
    "store": {
      "name": "Willys",
      "logoUrl": "https://digitalatjanster.se/wp-content/uploads/2020/04/willys-logo.png"
    },
    "discount": null
  },
  {
    "productName": "Kaviar Extra Mild Dill",
    "price": "18,50",
    "quantity": "250g",
    "quantityUnit": "g",
    "comparisonUnit": "kg",
    "comparisonPrice": "74,00 kr",
    "brand": "Svennes",
    "imageUrl": "https://d2rfo6yapuixuu.cloudfront.net/h49/hfd/8901557518366/07311171006146.jpg_1487264764149_master_axfood_100",
    "category": {
      "name": "Fisk & Skaldjur"
    },
    "preferences": null,
    "store": {
      "name": "Willys",
      "logoUrl": "https://digitalatjanster.se/wp-content/uploads/2020/04/willys-logo.png"
    },
    "discount": null
  },
  {
    "productName": "Ishavsräkor med Skal 70/90",
    "price": "67,90",
    "quantity": "750g",
    "quantityUnit": "g",
    "comparisonUnit": "kg",
    "comparisonPrice": "90,53 kr",
    "brand": "Garant",
    "imageUrl": "https://d2rfo6yapuixuu.cloudfront.net/hca/h4c/11353907855390/7340083485930_1615546829302_master_axfood_100",
    "category": {
      "name": "Fisk & Skaldjur"
    },
    "preferences": [
      {
        "name": "Nyckelhålsmärkt"
      }
    ],
    "store": {
      "name": "Willys",
      "logoUrl": "https://digitalatjanster.se/wp-content/uploads/2020/04/willys-logo.png"
    },
    "discount": null
  },
  {
    "productName": "Ishavsräkor med Skal 90/120",
    "price": "59,90",
    "quantity": "750g",
    "quantityUnit": "g",
    "comparisonUnit": "kg",
    "comparisonPrice": "79,86 kr",
    "brand": "Garant",
    "imageUrl": "https://d2rfo6yapuixuu.cloudfront.net/hc5/he8/11353873285150/7340083485947_1615546530877_master_axfood_100",
    "category": {
      "name": "Fisk & Skaldjur"
    },
    "preferences": [
      {
        "name": "Nyckelhålsmärkt"
      }
    ],
    "store": {
      "name": "Willys",
      "logoUrl": "https://digitalatjanster.se/wp-content/uploads/2020/04/willys-logo.png"
    },
    "discount": null
  },
  {
    "productName": "Surimi Sticks",
    "price": "7,90",
    "quantity": "100g",
    "quantityUnit": "g",
    "comparisonUnit": "kg",
    "comparisonPrice": "79,00 kr",
    "brand": "Fisherman",
    "imageUrl": "https://d2rfo6yapuixuu.cloudfront.net/h64/h7c/9114993721374/7350011741724_1524123673944_master_axfood_100",
    "category": {
      "name": "Fisk & Skaldjur"
    },
    "preferences": null,
    "store": {
      "name": "Willys",
      "logoUrl": "https://digitalatjanster.se/wp-content/uploads/2020/04/willys-logo.png"
    },
    "discount": null
  },
  {
    "productName": "Torskfilé Sprödbakad Fryst",
    "price": "35,90",
    "quantity": "360g",
    "quantityUnit": "g",
    "comparisonUnit": "kg",
    "comparisonPrice": "99,72 kr",
    "brand": "Garant",
    "imageUrl": "https://d2rfo6yapuixuu.cloudfront.net/ha8/hc2/11722702880798/7340083401183_1621975255608_master_axfood_100",
    "category": {
      "name": "Fisk & Skaldjur"
    },
    "preferences": null,
    "store": {
      "name": "Willys",
      "logoUrl": "https://digitalatjanster.se/wp-content/uploads/2020/04/willys-logo.png"
    },
    "discount": null
  },
  {
    "productName": "Panerad Torskfilé Fryst",
    "price": "36,90",
    "quantity": "340g",
    "quantityUnit": "g",
    "comparisonUnit": "kg",
    "comparisonPrice": "108,53 kr",
    "brand": "Garant",
    "imageUrl": "https://d2rfo6yapuixuu.cloudfront.net/hf8/h2f/8861650616350/07340083439537.jpg_master_axfood_100",
    "category": {
      "name": "Fisk & Skaldjur"
    },
    "preferences": [
      {
        "name": "Ekologiskt"
      },
      {
        "name": "KRAV-märkt"
      }
    ],
    "store": {
      "name": "Willys",
      "logoUrl": "https://digitalatjanster.se/wp-content/uploads/2020/04/willys-logo.png"
    },
    "discount": null
  },
  {
    "productName": "Mästarmatjes Bit",
    "price": "18,90",
    "quantity": "200/125g",
    "quantityUnit": "g",
    "comparisonUnit": "kg",
    "comparisonPrice": "151,20 kr",
    "brand": "Abba",
    "imageUrl": "https://d2rfo6yapuixuu.cloudfront.net/h9f/h40/8906022617118/07311170012094.jpg_1488625573204_master_axfood_100",
    "category": {
      "name": "Fisk & Skaldjur"
    },
    "preferences": null,
    "store": {
      "name": "Willys",
      "logoUrl": "https://digitalatjanster.se/wp-content/uploads/2020/04/willys-logo.png"
    },
    "discount": null
  },
  {
    "productName": "Matjes Klassisk",
    "price": "18,90",
    "quantity": "200/125g",
    "quantityUnit": "g",
    "comparisonUnit": "kg",
    "comparisonPrice": "151,20 kr",
    "brand": "Abba",
    "imageUrl": "https://d2rfo6yapuixuu.cloudfront.net/hbf/h33/8906022289438/07311170012063.jpg_1488625570911_master_axfood_100",
    "category": {
      "name": "Fisk & Skaldjur"
    },
    "preferences": null,
    "store": {
      "name": "Willys",
      "logoUrl": "https://digitalatjanster.se/wp-content/uploads/2020/04/willys-logo.png"
    },
    "discount": null
  },
  {
    "productName": "Caviarmix Röd",
    "price": "20,90",
    "quantity": "75g",
    "quantityUnit": "g",
    "comparisonUnit": "kg",
    "comparisonPrice": "278,67 kr",
    "brand": "Garant",
    "imageUrl": "https://d2rfo6yapuixuu.cloudfront.net/h98/h4b/11825865031710/7340083401961_1624053927455_master_axfood_100",
    "category": {
      "name": "Fisk & Skaldjur"
    },
    "preferences": null,
    "store": {
      "name": "Willys",
      "logoUrl": "https://digitalatjanster.se/wp-content/uploads/2020/04/willys-logo.png"
    },
    "discount": null
  },
  {
    "productName": "Caviar Röd Stenbitsrom",
    "price": "29,90",
    "quantity": "75g",
    "quantityUnit": "g",
    "comparisonUnit": "kg",
    "comparisonPrice": "398,67 kr",
    "brand": "Garant",
    "imageUrl": "https://d2rfo6yapuixuu.cloudfront.net/hd3/h9d/11825864704030/7311041062821_1624053925080_master_axfood_100",
    "category": {
      "name": "Fisk & Skaldjur"
    },
    "preferences": null,
    "store": {
      "name": "Willys",
      "logoUrl": "https://digitalatjanster.se/wp-content/uploads/2020/04/willys-logo.png"
    },
    "discount": null
  },
  {
    "productName": "Caviar Röd Stenbitsrom",
    "price": "69,90",
    "quantity": "170g",
    "quantityUnit": "g",
    "comparisonUnit": "kg",
    "comparisonPrice": "411,18 kr",
    "brand": "Garant",
    "imageUrl": "https://d2rfo6yapuixuu.cloudfront.net/hd5/h04/8856137433118/7311041067864.jpg_master_axfood_100",
    "category": {
      "name": "Fisk & Skaldjur"
    },
    "preferences": null,
    "store": {
      "name": "Willys",
      "logoUrl": "https://digitalatjanster.se/wp-content/uploads/2020/04/willys-logo.png"
    },
    "discount": null
  },
  {
    "productName": "Vegofärs Fryst",
    "price": "59,90",
    "quantity": "1kg",
    "quantityUnit": "kg",
    "comparisonUnit": "kg",
    "comparisonPrice": "59,90 kr",
    "brand": "Anamma",
    "imageUrl": "https://d2rfo6yapuixuu.cloudfront.net/h01/h32/10666920542238/7310240121117_1603888562996_master_axfood_100",
    "category": {
      "name": "Övrigt"
    },
    "preferences": [
      {
        "name": "Nyckelhålsmärkt"
      },
      {
        "name": "Glutenfritt"
      }
    ],
    "store": {
      "name": "Willys",
      "logoUrl": "https://digitalatjanster.se/wp-content/uploads/2020/04/willys-logo.png"
    },
    "discount": null
  },
  {
    "productName": "Formbar Färs Fryst",
    "price": "59,90",
    "quantity": "850g",
    "quantityUnit": "g",
    "comparisonUnit": "kg",
    "comparisonPrice": "70,47 kr",
    "brand": "Anamma",
    "imageUrl": "https://d2rfo6yapuixuu.cloudfront.net/h46/h1d/11486416338974/7310240120127_1617875470621_master_axfood_100",
    "category": {
      "name": "Övrigt"
    },
    "preferences": [
      {
        "name": "Nyckelhålsmärkt"
      },
      {
        "name": "Glutenfritt"
      }
    ],
    "store": {
      "name": "Willys",
      "logoUrl": "https://digitalatjanster.se/wp-content/uploads/2020/04/willys-logo.png"
    },
    "discount": null
  },
  {
    "productName": "Vegobullar Frysta",
    "price": "59,90",
    "quantity": "900g",
    "quantityUnit": "g",
    "comparisonUnit": "kg",
    "comparisonPrice": "66,55 kr",
    "brand": "Anamma",
    "imageUrl": "https://d2rfo6yapuixuu.cloudfront.net/h69/h93/9030889111582/07310240121131.jpg_1513855939979_master_axfood_100",
    "category": {
      "name": "Övrigt"
    },
    "preferences": [
      {
        "name": "Nyckelhålsmärkt"
      },
      {
        "name": "Glutenfritt"
      }
    ],
    "store": {
      "name": "Willys",
      "logoUrl": "https://digitalatjanster.se/wp-content/uploads/2020/04/willys-logo.png"
    },
    "discount": null
  },
  {
    "productName": "Vegokorv Fryst",
    "price": "59,90",
    "quantity": "840g",
    "quantityUnit": "g",
    "comparisonUnit": "kg",
    "comparisonPrice": "71,31 kr",
    "brand": "Anamma",
    "imageUrl": "https://d2rfo6yapuixuu.cloudfront.net/he5/h9d/9030889439262/07310240121148.jpg_1513855951243_master_axfood_100",
    "category": {
      "name": "Övrigt"
    },
    "preferences": [
      {
        "name": "Glutenfritt"
      }
    ],
    "store": {
      "name": "Willys",
      "logoUrl": "https://digitalatjanster.se/wp-content/uploads/2020/04/willys-logo.png"
    },
    "discount": null
  },
  {
    "productName": "Färs Formbar av Ärta Fryst",
    "price": "65,90",
    "quantity": "750g",
    "quantityUnit": "g",
    "comparisonUnit": "kg",
    "comparisonPrice": "87,86 kr",
    "brand": "Anamma",
    "imageUrl": "https://d2rfo6yapuixuu.cloudfront.net/he7/hf4/11486484267038/7310240120424_1617876069195_master_axfood_100",
    "category": {
      "name": "Övrigt"
    },
    "preferences": [
      {
        "name": "Nyckelhålsmärkt"
      },
      {
        "name": "Glutenfritt"
      }
    ],
    "store": {
      "name": "Willys",
      "logoUrl": "https://digitalatjanster.se/wp-content/uploads/2020/04/willys-logo.png"
    },
    "discount": null
  },
  {
    "productName": "Vegoburgare Frysta",
    "price": "59,90",
    "quantity": "880g",
    "quantityUnit": "g",
    "comparisonUnit": "kg",
    "comparisonPrice": "68,07 kr",
    "brand": "Anamma",
    "imageUrl": "https://d2rfo6yapuixuu.cloudfront.net/hde/h3e/9030888783902/07310240121124.jpg_1513855937896_master_axfood_100",
    "category": {
      "name": "Övrigt"
    },
    "preferences": [
      {
        "name": "Nyckelhålsmärkt"
      },
      {
        "name": "Glutenfritt"
      }
    ],
    "store": {
      "name": "Willys",
      "logoUrl": "https://digitalatjanster.se/wp-content/uploads/2020/04/willys-logo.png"
    },
    "discount": null
  },
  {
    "productName": "Falafel Fryst",
    "price": "43,90",
    "quantity": "800g",
    "quantityUnit": "g",
    "comparisonUnit": "kg",
    "comparisonPrice": "54,88 kr",
    "brand": "Garant",
    "imageUrl": "https://d2rfo6yapuixuu.cloudfront.net/h77/hec/9232738418718/7340083455193_1537286448422_master_axfood_100",
    "category": {
      "name": "Övrigt"
    },
    "preferences": null,
    "store": {
      "name": "Willys",
      "logoUrl": "https://digitalatjanster.se/wp-content/uploads/2020/04/willys-logo.png"
    },
    "discount": null
  },
  {
    "productName": "Ärtfalafel Veg Fryst",
    "price": "39,90",
    "quantity": "600g",
    "quantityUnit": "g",
    "comparisonUnit": "kg",
    "comparisonPrice": "66,50 kr",
    "brand": "Garant",
    "imageUrl": "https://d2rfo6yapuixuu.cloudfront.net/ha0/h29/11195930607646/7340083486401_1612993846807_master_axfood_100",
    "category": {
      "name": "Övrigt"
    },
    "preferences": [
      {
        "name": "Svensk Flagga"
      }
    ],
    "store": {
      "name": "Willys",
      "logoUrl": "https://digitalatjanster.se/wp-content/uploads/2020/04/willys-logo.png"
    },
    "discount": null
  },
  {
    "productName": "Vegofärs Formbar Fryst",
    "price": "49,90",
    "quantity": "850g",
    "quantityUnit": "g",
    "comparisonUnit": "kg",
    "comparisonPrice": "58,71 kr",
    "brand": "Garant",
    "imageUrl": "https://d2rfo6yapuixuu.cloudfront.net/h1a/h10/9935060205598/7340083478536_1585131016878_master_axfood_100",
    "category": {
      "name": "Övrigt"
    },
    "preferences": [
      {
        "name": "Nyckelhålsmärkt"
      }
    ],
    "store": {
      "name": "Willys",
      "logoUrl": "https://digitalatjanster.se/wp-content/uploads/2020/04/willys-logo.png"
    },
    "discount": null
  },
  {
    "productName": "Grönkålsbiff med Vaxböna Veg Fryst",
    "price": "39,90",
    "quantity": "600g",
    "quantityUnit": "g",
    "comparisonUnit": "kg",
    "comparisonPrice": "66,50 kr",
    "brand": "Garant",
    "imageUrl": "https://d2rfo6yapuixuu.cloudfront.net/h72/h19/12106897883166/7340083474453_1632392129361_master_axfood_100",
    "category": {
      "name": "Övrigt"
    },
    "preferences": null,
    "store": {
      "name": "Willys",
      "logoUrl": "https://digitalatjanster.se/wp-content/uploads/2020/04/willys-logo.png"
    },
    "discount": null
  },
  {
    "productName": "Vegan Burger Juicy Fryst",
    "price": "59,90",
    "quantity": "4p/113g",
    "quantityUnit": "g",
    "comparisonUnit": "kg",
    "comparisonPrice": "132,52 kr",
    "brand": "Garant",
    "imageUrl": "https://d2rfo6yapuixuu.cloudfront.net/h53/h3d/11185750114334/7340083484469_1612868719202_master_axfood_100",
    "category": {
      "name": "Övrigt"
    },
    "preferences": null,
    "store": {
      "name": "Willys",
      "logoUrl": "https://digitalatjanster.se/wp-content/uploads/2020/04/willys-logo.png"
    },
    "discount": null
  },
  {
    "productName": "Vegan Sausage Fryst",
    "price": "59,90",
    "quantity": "360g",
    "quantityUnit": "g",
    "comparisonUnit": "kg",
    "comparisonPrice": "166,39 kr",
    "brand": "Garant",
    "imageUrl": "https://d2rfo6yapuixuu.cloudfront.net/haa/h9d/11363805134878/7340083486364_1615766743424_master_axfood_100",
    "category": {
      "name": "Övrigt"
    },
    "preferences": null,
    "store": {
      "name": "Willys",
      "logoUrl": "https://digitalatjanster.se/wp-content/uploads/2020/04/willys-logo.png"
    },
    "discount": null
  },
  {
    "productName": "Broccoli Puckar",
    "price": "29,90",
    "quantity": "340g",
    "quantityUnit": "g",
    "comparisonUnit": "kg",
    "comparisonPrice": "87,94 kr",
    "brand": "Garant",
    "imageUrl": "https://d2rfo6yapuixuu.cloudfront.net/h5c/h3c/8861626695710/7340083443220.jpg_master_axfood_100",
    "category": {
      "name": "Övrigt"
    },
    "preferences": null,
    "store": {
      "name": "Willys",
      "logoUrl": "https://digitalatjanster.se/wp-content/uploads/2020/04/willys-logo.png"
    },
    "discount": null
  },
  {
    "productName": "Tofu Eko",
    "price": "18,90",
    "quantity": "250g",
    "quantityUnit": "g",
    "comparisonUnit": "kg",
    "comparisonPrice": "75,60 kr",
    "brand": "Eldorado",
    "imageUrl": "https://d2rfo6yapuixuu.cloudfront.net/h0b/h59/10328419926046/7340083482571_1595364064184_master_axfood_100",
    "category": {
      "name": "Övrigt"
    },
    "preferences": [
      {
        "name": "Ekologiskt"
      },
      {
        "name": "Nyckelhålsmärkt"
      }
    ],
    "store": {
      "name": "Willys",
      "logoUrl": "https://digitalatjanster.se/wp-content/uploads/2020/04/willys-logo.png"
    },
    "discount": null
  },
  {
    "productName": "Vegobacon Klippta Skivor",
    "price": "16,90",
    "quantity": "120g",
    "quantityUnit": "g",
    "comparisonUnit": "kg",
    "comparisonPrice": "140,83 kr",
    "brand": "Eldorado",
    "imageUrl": "https://d2rfo6yapuixuu.cloudfront.net/h04/h65/9312449331230/7340083468391_1545229828204_master_axfood_100",
    "category": {
      "name": "Övrigt"
    },
    "preferences": null,
    "store": {
      "name": "Willys",
      "logoUrl": "https://digitalatjanster.se/wp-content/uploads/2020/04/willys-logo.png"
    },
    "discount": {
      "discountType": "GENERAL",
      "quantityToBeBought": 2,
      "displayPrice": "16,90 kr",
      "savings": 2.9,
      "percentageSavings": 18,
      "isMemberDiscount": false
    }
  },
  {
    "productName": "Middagskorv Vego",
    "price": "34,50",
    "quantity": "300g",
    "quantityUnit": "g",
    "comparisonUnit": "kg",
    "comparisonPrice": "115,00 kr",
    "brand": "Pärsons",
    "imageUrl": "https://d2rfo6yapuixuu.cloudfront.net/haa/h81/12040358002718/7330797088350_1630496469216_master_axfood_100",
    "category": {
      "name": "Övrigt"
    },
    "preferences": [
      {
        "name": "Svensk Flagga"
      }
    ],
    "store": {
      "name": "Willys",
      "logoUrl": "https://digitalatjanster.se/wp-content/uploads/2020/04/willys-logo.png"
    },
    "discount": {
      "discountType": "GENERAL",
      "quantityToBeBought": 1,
      "displayPrice": "34,50 kr",
      "savings": 4.6,
      "percentageSavings": 14,
      "isMemberDiscount": false
    }
  },
  {
    "productName": "Vegoschnitzel Fryst",
    "price": "30,90",
    "quantity": "300g",
    "quantityUnit": "g",
    "comparisonUnit": "kg",
    "comparisonPrice": "103,00 kr",
    "brand": "Anamma",
    "imageUrl": "https://d2rfo6yapuixuu.cloudfront.net/hd6/hfe/11486418763806/7310240120189_1617875476824_master_axfood_100",
    "category": {
      "name": "Övrigt"
    },
    "preferences": [
      {
        "name": "Glutenfritt"
      }
    ],
    "store": {
      "name": "Willys",
      "logoUrl": "https://digitalatjanster.se/wp-content/uploads/2020/04/willys-logo.png"
    },
    "discount": null
  },
  {
    "productName": "Vegoburgare Frysta",
    "price": "30,90",
    "quantity": "320g",
    "quantityUnit": "g",
    "comparisonUnit": "kg",
    "comparisonPrice": "96,56 kr",
    "brand": "Anamma",
    "imageUrl": "https://d2rfo6yapuixuu.cloudfront.net/hb9/h19/9045763719198/07310240120028.jpg_1515881181615_master_axfood_100",
    "category": {
      "name": "Övrigt"
    },
    "preferences": [
      {
        "name": "Nyckelhålsmärkt"
      },
      {
        "name": "Glutenfritt"
      }
    ],
    "store": {
      "name": "Willys",
      "logoUrl": "https://digitalatjanster.se/wp-content/uploads/2020/04/willys-logo.png"
    },
    "discount": null
  },
  {
    "productName": "Vegokorv Fryst",
    "price": "30,90",
    "quantity": "300g",
    "quantityUnit": "g",
    "comparisonUnit": "kg",
    "comparisonPrice": "103,00 kr",
    "brand": "Anamma",
    "imageUrl": "https://d2rfo6yapuixuu.cloudfront.net/hb0/h4a/11722701439006/7310240120042_1621975239820_master_axfood_100",
    "category": {
      "name": "Övrigt"
    },
    "preferences": [
      {
        "name": "Glutenfritt"
      }
    ],
    "store": {
      "name": "Willys",
      "logoUrl": "https://digitalatjanster.se/wp-content/uploads/2020/04/willys-logo.png"
    },
    "discount": null
  },
  {
    "productName": "Vegonuggets av Ärta Fryst",
    "price": "34,90",
    "quantity": "300g",
    "quantityUnit": "g",
    "comparisonUnit": "kg",
    "comparisonPrice": "116,33 kr",
    "brand": "Anamma",
    "imageUrl": "https://d2rfo6yapuixuu.cloudfront.net/hde/h98/11486483677214/7310240120417_1617876065710_master_axfood_100",
    "category": {
      "name": "Övrigt"
    },
    "preferences": [
      {
        "name": "Glutenfritt"
      }
    ],
    "store": {
      "name": "Willys",
      "logoUrl": "https://digitalatjanster.se/wp-content/uploads/2020/04/willys-logo.png"
    },
    "discount": null
  },
  {
    "productName": "Sourcream & Onion Chips",
    "price": "22,90",
    "quantity": "200g",
    "quantityUnit": "g",
    "comparisonUnit": "kg",
    "comparisonPrice": "114,50 kr",
    "brand": "Pringles",
    "imageUrl": "https://d2rfo6yapuixuu.cloudfront.net/hce/h82/12085559492638/5053990138753_1631775964324_master_axfood_100",
    "category": {
      "name": "Glass, Godis & Snacks"
    },
    "preferences": null,
    "store": {
      "name": "Willys",
      "logoUrl": "https://digitalatjanster.se/wp-content/uploads/2020/04/willys-logo.png"
    },
    "discount": null
  },
  {
    "productName": "Original Chips",
    "price": "22,90",
    "quantity": "200g",
    "quantityUnit": "g",
    "comparisonUnit": "kg",
    "comparisonPrice": "114,50 kr",
    "brand": "Pringles",
    "imageUrl": "https://d2rfo6yapuixuu.cloudfront.net/h5e/h8d/12085559164958/5053990138722_1631775962649_master_axfood_100",
    "category": {
      "name": "Glass, Godis & Snacks"
    },
    "preferences": null,
    "store": {
      "name": "Willys",
      "logoUrl": "https://digitalatjanster.se/wp-content/uploads/2020/04/willys-logo.png"
    },
    "discount": null
  },
  {
    "productName": "Mini Almond",
    "price": "38,90",
    "quantity": "6p",
    "quantityUnit": "g",
    "comparisonUnit": "st",
    "comparisonPrice": "6,48 kr",
    "brand": "Magnum",
    "imageUrl": "https://d2rfo6yapuixuu.cloudfront.net/hbe/h08/9076421853214/08714100635650.jpg_1519520739157_master_axfood_100",
    "category": {
      "name": "Glass, Godis & Snacks"
    },
    "preferences": null,
    "store": {
      "name": "Willys",
      "logoUrl": "https://digitalatjanster.se/wp-content/uploads/2020/04/willys-logo.png"
    },
    "discount": null
  },
  {
    "productName": "Mini Classic Almond White",
    "price": "38,90",
    "quantity": "6p",
    "quantityUnit": "g",
    "comparisonUnit": "st",
    "comparisonPrice": "6,48 kr",
    "brand": "Magnum",
    "imageUrl": "https://d2rfo6yapuixuu.cloudfront.net/h7d/h6f/9076419690526/08714100635698.jpg_1519520501466_master_axfood_100",
    "category": {
      "name": "Glass, Godis & Snacks"
    },
    "preferences": null,
    "store": {
      "name": "Willys",
      "logoUrl": "https://digitalatjanster.se/wp-content/uploads/2020/04/willys-logo.png"
    },
    "discount": null
  },
  {
    "productName": "Double Gold Caramel Billionaire Glasspinnar",
    "price": "38,90",
    "quantity": "4p",
    "quantityUnit": "g",
    "comparisonUnit": "st",
    "comparisonPrice": "9,73 kr",
    "brand": "Magnum",
    "imageUrl": "https://d2rfo6yapuixuu.cloudfront.net/h0f/h02/11182428749854/8711327483729_1612820787227_master_axfood_100",
    "category": {
      "name": "Glass, Godis & Snacks"
    },
    "preferences": null,
    "store": {
      "name": "Willys",
      "logoUrl": "https://digitalatjanster.se/wp-content/uploads/2020/04/willys-logo.png"
    },
    "discount": null
  },
  {
    "productName": "After Dinner Glasspinne",
    "price": "38,90",
    "quantity": "10p",
    "quantityUnit": "g",
    "comparisonUnit": "st",
    "comparisonPrice": "3,89 kr",
    "brand": "Magnum",
    "imageUrl": "https://d2rfo6yapuixuu.cloudfront.net/h72/h6c/8870005080094/08000920576502.jpg_1471510871680_master_axfood_100",
    "category": {
      "name": "Glass, Godis & Snacks"
    },
    "preferences": null,
    "store": {
      "name": "Willys",
      "logoUrl": "https://digitalatjanster.se/wp-content/uploads/2020/04/willys-logo.png"
    },
    "discount": null
  },
  {
    "productName": "Strawberry White Chocolate Glasspinnar",
    "price": "38,90",
    "quantity": "4x110ml",
    "quantityUnit": "g",
    "comparisonUnit": "st",
    "comparisonPrice": "9,73 kr",
    "brand": "Magnum",
    "imageUrl": "https://d2rfo6yapuixuu.cloudfront.net/h8e/h31/11189140750366/8722700054375_1612907135566_master_axfood_100",
    "category": {
      "name": "Glass, Godis & Snacks"
    },
    "preferences": null,
    "store": {
      "name": "Willys",
      "logoUrl": "https://digitalatjanster.se/wp-content/uploads/2020/04/willys-logo.png"
    },
    "discount": null
  },
  {
    "productName": "Almond Vegan Glasspinnar",
    "price": "38,90",
    "quantity": "3x90ml",
    "quantityUnit": "g",
    "comparisonUnit": "st",
    "comparisonPrice": "12,97 kr",
    "brand": "Magnum",
    "imageUrl": "https://d2rfo6yapuixuu.cloudfront.net/h48/h33/11143844397086/8714100658499_1612244160532_master_axfood_100",
    "category": {
      "name": "Glass, Godis & Snacks"
    },
    "preferences": null,
    "store": {
      "name": "Willys",
      "logoUrl": "https://digitalatjanster.se/wp-content/uploads/2020/04/willys-logo.png"
    },
    "discount": null
  },
  {
    "productName": "Double Gold Caramel Billionaire Glass",
    "price": "44,90",
    "quantity": "0.44l",
    "quantityUnit": "g",
    "comparisonUnit": "l",
    "comparisonPrice": "102,04 kr",
    "brand": "Magnum",
    "imageUrl": "https://d2rfo6yapuixuu.cloudfront.net/hd0/he2/11189139832862/8711327480438_1612907125807_master_axfood_100",
    "category": {
      "name": "Glass, Godis & Snacks"
    },
    "preferences": null,
    "store": {
      "name": "Willys",
      "logoUrl": "https://digitalatjanster.se/wp-content/uploads/2020/04/willys-logo.png"
    },
    "discount": null
  },
  {
    "productName": "Double Salted Caramel Glass",
    "price": "44,90",
    "quantity": "0.44l",
    "quantityUnit": "g",
    "comparisonUnit": "l",
    "comparisonPrice": "102,04 kr",
    "brand": "Magnum",
    "imageUrl": "https://d2rfo6yapuixuu.cloudfront.net/h2f/h3b/9847296393246/8711327315365_1581807919193_master_axfood_100",
    "category": {
      "name": "Glass, Godis & Snacks"
    },
    "preferences": null,
    "store": {
      "name": "Willys",
      "logoUrl": "https://digitalatjanster.se/wp-content/uploads/2020/04/willys-logo.png"
    },
    "discount": null
  },
  {
    "productName": "Magnum Almond Glass",
    "price": "38,90",
    "quantity": "0.4l",
    "quantityUnit": "g",
    "comparisonUnit": "l",
    "comparisonPrice": "88,41 kr",
    "brand": "Gb Glace",
    "imageUrl": "https://d2rfo6yapuixuu.cloudfront.net/h28/h32/8966541377566/08714100289983.jpg_1504394218226_master_axfood_100",
    "category": {
      "name": "Glass, Godis & Snacks"
    },
    "preferences": null,
    "store": {
      "name": "Willys",
      "logoUrl": "https://digitalatjanster.se/wp-content/uploads/2020/04/willys-logo.png"
    },
    "discount": null
  },
  {
    "productName": "Magnum Classic Glass",
    "price": "38,90",
    "quantity": "0.4l",
    "quantityUnit": "g",
    "comparisonUnit": "l",
    "comparisonPrice": "88,41 kr",
    "brand": "Gb Glace",
    "imageUrl": "https://d2rfo6yapuixuu.cloudfront.net/h98/h27/8966541049886/08714100289969.jpg_1504394215885_master_axfood_100",
    "category": {
      "name": "Glass, Godis & Snacks"
    },
    "preferences": null,
    "store": {
      "name": "Willys",
      "logoUrl": "https://digitalatjanster.se/wp-content/uploads/2020/04/willys-logo.png"
    },
    "discount": null
  },
  {
    "productName": "Double Ruby Berries & Cream Glass",
    "price": "44,90",
    "quantity": "0.44l",
    "quantityUnit": "g",
    "comparisonUnit": "l",
    "comparisonPrice": "102,04 kr",
    "brand": "Magnum",
    "imageUrl": "https://d2rfo6yapuixuu.cloudfront.net/hee/h23/11189140357150/8711327480445_1612907133461_master_axfood_100",
    "category": {
      "name": "Glass, Godis & Snacks"
    },
    "preferences": null,
    "store": {
      "name": "Willys",
      "logoUrl": "https://digitalatjanster.se/wp-content/uploads/2020/04/willys-logo.png"
    },
    "discount": null
  },
  {
    "productName": "Isbitar",
    "price": "21,90",
    "quantity": "2000g",
    "quantityUnit": "g",
    "comparisonUnit": "kg",
    "comparisonPrice": "10,95 kr",
    "brand": "Omega",
    "imageUrl": "https://d2rfo6yapuixuu.cloudfront.net/h48/h56/8863895879710/07611612800068.jpg_master_axfood_100",
    "category": {
      "name": "Glass, Godis & Snacks"
    },
    "preferences": null,
    "store": {
      "name": "Willys",
      "logoUrl": "https://digitalatjanster.se/wp-content/uploads/2020/04/willys-logo.png"
    },
    "discount": null
  },
  {
    "productName": "Valnötter",
    "price": "59,90",
    "quantity": "400g",
    "quantityUnit": "g",
    "comparisonUnit": "kg",
    "comparisonPrice": "149,75 kr",
    "brand": "Eldorado",
    "imageUrl": "https://d2rfo6yapuixuu.cloudfront.net/h48/h80/9401041780766/7340083470233_1552569058422_master_axfood_100",
    "category": {
      "name": "Glass, Godis & Snacks"
    },
    "preferences": [
      {
        "name": "Nyckelhålsmärkt"
      }
    ],
    "store": {
      "name": "Willys",
      "logoUrl": "https://digitalatjanster.se/wp-content/uploads/2020/04/willys-logo.png"
    },
    "discount": null
  },
  {
    "productName": "Cashew Naturell",
    "price": "56,90",
    "quantity": "400g",
    "quantityUnit": "g",
    "comparisonUnit": "kg",
    "comparisonPrice": "142,25 kr",
    "brand": "Eldorado",
    "imageUrl": "https://d2rfo6yapuixuu.cloudfront.net/he8/hae/9217540358174/7340083468445_1535631638703_master_axfood_100",
    "category": {
      "name": "Glass, Godis & Snacks"
    },
    "preferences": null,
    "store": {
      "name": "Willys",
      "logoUrl": "https://digitalatjanster.se/wp-content/uploads/2020/04/willys-logo.png"
    },
    "discount": null
  },
  {
    "productName": "Solrosfrön Rostade Saltade",
    "price": "24,90",
    "quantity": "400g",
    "quantityUnit": "g",
    "comparisonUnit": "kg",
    "comparisonPrice": "62,25 kr",
    "brand": "Eldorado",
    "imageUrl": "https://d2rfo6yapuixuu.cloudfront.net/h2f/h18/8965396365342/07340083456329.jpg_1504179112568_master_axfood_100",
    "category": {
      "name": "Glass, Godis & Snacks"
    },
    "preferences": null,
    "store": {
      "name": "Willys",
      "logoUrl": "https://digitalatjanster.se/wp-content/uploads/2020/04/willys-logo.png"
    },
    "discount": null
  },
  {
    "productName": "Pumpafrön Rostade Saltade",
    "price": "47,90",
    "quantity": "400g",
    "quantityUnit": "g",
    "comparisonUnit": "kg",
    "comparisonPrice": "119,75 kr",
    "brand": "Eldorado",
    "imageUrl": "https://d2rfo6yapuixuu.cloudfront.net/hc5/ha2/8965386993694/07340083456312.jpg_1504178514359_master_axfood_100",
    "category": {
      "name": "Glass, Godis & Snacks"
    },
    "preferences": null,
    "store": {
      "name": "Willys",
      "logoUrl": "https://digitalatjanster.se/wp-content/uploads/2020/04/willys-logo.png"
    },
    "discount": null
  },
  {
    "productName": "Salta Pinnar",
    "price": "14,50",
    "quantity": "250g",
    "quantityUnit": "g",
    "comparisonUnit": "kg",
    "comparisonPrice": "58,00 kr",
    "brand": "Garant",
    "imageUrl": "https://d2rfo6yapuixuu.cloudfront.net/h57/h2d/8900410802206/07311041068953.jpg_1486977693148_master_axfood_100",
    "category": {
      "name": "Glass, Godis & Snacks"
    },
    "preferences": null,
    "store": {
      "name": "Willys",
      "logoUrl": "https://digitalatjanster.se/wp-content/uploads/2020/04/willys-logo.png"
    },
    "discount": null
  },
  {
    "productName": "Cashew Rostade Och Saltade",
    "price": "56,90",
    "quantity": "500g",
    "quantityUnit": "g",
    "comparisonUnit": "kg",
    "comparisonPrice": "113,80 kr",
    "brand": "Besana",
    "imageUrl": "https://d2rfo6yapuixuu.cloudfront.net/h21/hde/9767137247262/7340083478956_1578470437846_master_axfood_100",
    "category": {
      "name": "Glass, Godis & Snacks"
    },
    "preferences": null,
    "store": {
      "name": "Willys",
      "logoUrl": "https://digitalatjanster.se/wp-content/uploads/2020/04/willys-logo.png"
    },
    "discount": null
  },
  {
    "productName": "Apelsinjuice Fruktkött",
    "price": "14,90",
    "quantity": "1l",
    "quantityUnit": "g",
    "comparisonUnit": "l",
    "comparisonPrice": "14,90 kr",
    "brand": "Garant",
    "imageUrl": "https://d2rfo6yapuixuu.cloudfront.net/hbe/hed/8920577835038/07340083456886.jpg_1493020283886_master_axfood_100",
    "category": {
      "name": "Dryck"
    },
    "preferences": null,
    "store": {
      "name": "Willys",
      "logoUrl": "https://digitalatjanster.se/wp-content/uploads/2020/04/willys-logo.png"
    },
    "discount": null
  },
  {
    "productName": "Juice Ananas/apelsin",
    "price": "14,90",
    "quantity": "1l",
    "quantityUnit": "g",
    "comparisonUnit": "l",
    "comparisonPrice": "14,90 kr",
    "brand": "Garant",
    "imageUrl": "https://d2rfo6yapuixuu.cloudfront.net/h09/h3b/8926136860702/07340083458323.jpg_1494401162211_master_axfood_100",
    "category": {
      "name": "Dryck"
    },
    "preferences": null,
    "store": {
      "name": "Willys",
      "logoUrl": "https://digitalatjanster.se/wp-content/uploads/2020/04/willys-logo.png"
    },
    "discount": null
  },
  {
    "productName": "Juice Tropisk",
    "price": "14,90",
    "quantity": "1l",
    "quantityUnit": "g",
    "comparisonUnit": "l",
    "comparisonPrice": "14,90 kr",
    "brand": "Garant",
    "imageUrl": "https://d2rfo6yapuixuu.cloudfront.net/hc3/h95/9813326397470/7340083456909_1580386843646_master_axfood_100",
    "category": {
      "name": "Dryck"
    },
    "preferences": null,
    "store": {
      "name": "Willys",
      "logoUrl": "https://digitalatjanster.se/wp-content/uploads/2020/04/willys-logo.png"
    },
    "discount": null
  },
  {
    "productName": "Hallonsoda",
    "price": "9,90",
    "quantity": "1.5l",
    "quantityUnit": "g",
    "comparisonUnit": "l",
    "comparisonPrice": "6,60 kr",
    "brand": "Premier",
    "imageUrl": "https://d2rfo6yapuixuu.cloudfront.net/hc2/h1e/10027794628638/7611612513685_1587536119110_master_axfood_100",
    "category": {
      "name": "Dryck"
    },
    "preferences": null,
    "store": {
      "name": "Willys",
      "logoUrl": "https://digitalatjanster.se/wp-content/uploads/2020/04/willys-logo.png"
    },
    "discount": null
  },
  {
    "productName": "Lemon & Lime Zero Läsk",
    "price": "9,90",
    "quantity": "1.5l",
    "quantityUnit": "g",
    "comparisonUnit": "l",
    "comparisonPrice": "6,60 kr",
    "brand": "Premier",
    "imageUrl": "https://d2rfo6yapuixuu.cloudfront.net/h05/h69/10669990477854/7611612524964_1603946455731_master_axfood_100",
    "category": {
      "name": "Dryck"
    },
    "preferences": null,
    "store": {
      "name": "Willys",
      "logoUrl": "https://digitalatjanster.se/wp-content/uploads/2020/04/willys-logo.png"
    },
    "discount": null
  },
  {
    "productName": "Passionsfrukt Läsk",
    "price": "9,90",
    "quantity": "1.5l",
    "quantityUnit": "g",
    "comparisonUnit": "l",
    "comparisonPrice": "6,60 kr",
    "brand": "Premier",
    "imageUrl": "https://d2rfo6yapuixuu.cloudfront.net/hd0/h6c/10027803738142/7611612513722_1587536723285_master_axfood_100",
    "category": {
      "name": "Dryck"
    },
    "preferences": null,
    "store": {
      "name": "Willys",
      "logoUrl": "https://digitalatjanster.se/wp-content/uploads/2020/04/willys-logo.png"
    },
    "discount": null
  },
  {
    "productName": "Päronsoda",
    "price": "9,90",
    "quantity": "1.5l",
    "quantityUnit": "g",
    "comparisonUnit": "l",
    "comparisonPrice": "6,60 kr",
    "brand": "Premier",
    "imageUrl": "https://d2rfo6yapuixuu.cloudfront.net/h4d/h36/10027798757406/7611612513524_1587536420960_master_axfood_100",
    "category": {
      "name": "Dryck"
    },
    "preferences": null,
    "store": {
      "name": "Willys",
      "logoUrl": "https://digitalatjanster.se/wp-content/uploads/2020/04/willys-logo.png"
    },
    "discount": null
  },
  {
    "productName": "Cola",
    "price": "9,90",
    "quantity": "1.5l",
    "quantityUnit": "g",
    "comparisonUnit": "l",
    "comparisonPrice": "6,60 kr",
    "brand": "Premier",
    "imageUrl": "https://d2rfo6yapuixuu.cloudfront.net/hf9/h08/8864503857182/101203477_St_master_axfood_100",
    "category": {
      "name": "Dryck"
    },
    "preferences": null,
    "store": {
      "name": "Willys",
      "logoUrl": "https://digitalatjanster.se/wp-content/uploads/2020/04/willys-logo.png"
    },
    "discount": null
  },
  {
    "productName": "Sockerdricka",
    "price": "9,90",
    "quantity": "1.5l",
    "quantityUnit": "g",
    "comparisonUnit": "l",
    "comparisonPrice": "6,60 kr",
    "brand": "Premier",
    "imageUrl": "https://d2rfo6yapuixuu.cloudfront.net/h5e/h7a/10027803344926/7611612513609_1587536721252_master_axfood_100",
    "category": {
      "name": "Dryck"
    },
    "preferences": null,
    "store": {
      "name": "Willys",
      "logoUrl": "https://digitalatjanster.se/wp-content/uploads/2020/04/willys-logo.png"
    },
    "discount": null
  },
  {
    "productName": "Tonic Water Drinkmixer Pet",
    "price": "9,90",
    "quantity": "1.5l",
    "quantityUnit": "g",
    "comparisonUnit": "l",
    "comparisonPrice": "6,60 kr",
    "brand": "Premier",
    "imageUrl": "https://d2rfo6yapuixuu.cloudfront.net/h8d/hf0/9498300121118/7611612513364_1560340586362_master_axfood_100",
    "category": {
      "name": "Dryck"
    },
    "preferences": null,
    "store": {
      "name": "Willys",
      "logoUrl": "https://digitalatjanster.se/wp-content/uploads/2020/04/willys-logo.png"
    },
    "discount": null
  },
  {
    "productName": "Lemonad Grape Flamingo",
    "price": "9,90",
    "quantity": "1,5l",
    "quantityUnit": "g",
    "comparisonUnit": "l",
    "comparisonPrice": "6,60 kr",
    "brand": "Premier",
    "imageUrl": "https://d2rfo6yapuixuu.cloudfront.net/h8b/hd7/11337870278686/7611612404136_1615325739305_master_axfood_100",
    "category": {
      "name": "Dryck"
    },
    "preferences": null,
    "store": {
      "name": "Willys",
      "logoUrl": "https://digitalatjanster.se/wp-content/uploads/2020/04/willys-logo.png"
    },
    "discount": null
  },
  {
    "productName": "Cola Zero Sugar Pet Läsk",
    "price": "9,90",
    "quantity": "1.5l",
    "quantityUnit": "g",
    "comparisonUnit": "l",
    "comparisonPrice": "6,60 kr",
    "brand": "Premier",
    "imageUrl": "https://d2rfo6yapuixuu.cloudfront.net/hdd/h40/10027798429726/7340083468049_1587536419321_master_axfood_100",
    "category": {
      "name": "Dryck"
    },
    "preferences": null,
    "store": {
      "name": "Willys",
      "logoUrl": "https://digitalatjanster.se/wp-content/uploads/2020/04/willys-logo.png"
    },
    "discount": null
  },
  {
    "productName": "Orange Zero Läsk Pet",
    "price": "9,90",
    "quantity": "1.5l",
    "quantityUnit": "g",
    "comparisonUnit": "l",
    "comparisonPrice": "6,60 kr",
    "brand": "Premier",
    "imageUrl": "https://d2rfo6yapuixuu.cloudfront.net/h09/h24/10670160314398/7611612524926_1603956359075_master_axfood_100",
    "category": {
      "name": "Dryck"
    },
    "preferences": null,
    "store": {
      "name": "Willys",
      "logoUrl": "https://digitalatjanster.se/wp-content/uploads/2020/04/willys-logo.png"
    },
    "discount": null
  },
  {
    "productName": "Emdbräu Alkoholfri Öl 0.0%",
    "price": "4,90",
    "quantity": "33cl",
    "quantityUnit": "g",
    "comparisonUnit": "l",
    "comparisonPrice": "14,85 kr",
    "brand": "Emd Bräu",
    "imageUrl": "https://d2rfo6yapuixuu.cloudfront.net/h1a/h89/9029630427166/07611612501552.jpg_1513772891749_master_axfood_100",
    "category": {
      "name": "Dryck"
    },
    "preferences": null,
    "store": {
      "name": "Willys",
      "logoUrl": "https://digitalatjanster.se/wp-content/uploads/2020/04/willys-logo.png"
    },
    "discount": {
      "discountType": "GENERAL",
      "quantityToBeBought": 24,
      "displayPrice": "4,90 kr",
      "savings": 0.775,
      "percentageSavings": 19,
      "isMemberDiscount": false
    }
  },
  {
    "productName": "Pepsi Max",
    "price": "51,90",
    "quantity": "4p/1.5l",
    "quantityUnit": "g",
    "comparisonUnit": "l",
    "comparisonPrice": "8,65 kr",
    "brand": "Pepsi",
    "imageUrl": "https://d2rfo6yapuixuu.cloudfront.net/h0f/h7c/9948761554974/7310074715087_1585555855998_master_axfood_100",
    "category": {
      "name": "Dryck"
    },
    "preferences": null,
    "store": {
      "name": "Willys",
      "logoUrl": "https://digitalatjanster.se/wp-content/uploads/2020/04/willys-logo.png"
    },
    "discount": null
  },
  {
    "productName": "Mellanmjölk Längre Hållbarhet 1,5%",
    "price": "12,90",
    "quantity": "1.5l",
    "quantityUnit": "g",
    "comparisonUnit": "l",
    "comparisonPrice": "8,60 kr",
    "brand": "Garant",
    "imageUrl": "https://d2rfo6yapuixuu.cloudfront.net/h83/h67/9658195247134/7340083443893_1572879622714_master_axfood_100",
    "category": {
      "name": "Dryck"
    },
    "preferences": null,
    "store": {
      "name": "Willys",
      "logoUrl": "https://digitalatjanster.se/wp-content/uploads/2020/04/willys-logo.png"
    },
    "discount": null
  },
  {
    "productName": "Mellanmjölk Längre Hållbarhet 1,5%",
    "price": "9,40",
    "quantity": "1l",
    "quantityUnit": "g",
    "comparisonUnit": "l",
    "comparisonPrice": "9,40 kr",
    "brand": "Garant",
    "imageUrl": "https://d2rfo6yapuixuu.cloudfront.net/hc2/h52/8917737701406/07340083457401.jpg_1492009222769_master_axfood_100",
    "category": {
      "name": "Dryck"
    },
    "preferences": [
      {
        "name": "Svensk Flagga"
      }
    ],
    "store": {
      "name": "Willys",
      "logoUrl": "https://digitalatjanster.se/wp-content/uploads/2020/04/willys-logo.png"
    },
    "discount": null
  },
  {
    "productName": "Mellanmjölk 1,5%",
    "price": "8,40",
    "quantity": "1l",
    "quantityUnit": "g",
    "comparisonUnit": "l",
    "comparisonPrice": "8,40 kr",
    "brand": "Garant",
    "imageUrl": "https://d2rfo6yapuixuu.cloudfront.net/h0e/h8a/8856838406174/07340083427299.jpg_master_axfood_100",
    "category": {
      "name": "Dryck"
    },
    "preferences": [
      {
        "name": "Svensk Flagga"
      }
    ],
    "store": {
      "name": "Willys",
      "logoUrl": "https://digitalatjanster.se/wp-content/uploads/2020/04/willys-logo.png"
    },
    "discount": null
  },
  {
    "productName": "Coca-cola Zero Sugar Pet",
    "price": "66,90",
    "quantity": "4p/1.75",
    "quantityUnit": "g",
    "comparisonUnit": "l",
    "comparisonPrice": "9,56 kr",
    "brand": "Coca-cola Zero",
    "imageUrl": "https://d2rfo6yapuixuu.cloudfront.net/h71/h5f/11260061712414/5449000119964_1614086766265_master_axfood_100",
    "category": {
      "name": "Dryck"
    },
    "preferences": null,
    "store": {
      "name": "Willys",
      "logoUrl": "https://digitalatjanster.se/wp-content/uploads/2020/04/willys-logo.png"
    },
    "discount": null
  },
  {
    "productName": "Mellanmjölk 1.5% Ekologisk Längre Hållbarhet",
    "price": "15,50",
    "quantity": "1,5l",
    "quantityUnit": "g",
    "comparisonUnit": "l",
    "comparisonPrice": "10,33 kr",
    "brand": "Garant Eko",
    "imageUrl": "https://d2rfo6yapuixuu.cloudfront.net/h52/h3e/9599997640734/7340083457593_1569238825857_master_axfood_100",
    "category": {
      "name": "Dryck"
    },
    "preferences": [
      {
        "name": "Ekologiskt"
      },
      {
        "name": "KRAV-märkt"
      }
    ],
    "store": {
      "name": "Willys",
      "logoUrl": "https://digitalatjanster.se/wp-content/uploads/2020/04/willys-logo.png"
    },
    "discount": null
  },
  {
    "productName": "Vegofärs Fryst",
    "price": "59,90",
    "quantity": "1kg",
    "quantityUnit": "kg",
    "comparisonUnit": "kg",
    "comparisonPrice": "59,90 kr",
    "brand": "Anamma",
    "imageUrl": "https://d2rfo6yapuixuu.cloudfront.net/h01/h32/10666920542238/7310240121117_1603888562996_master_axfood_100",
    "category": {
      "name": "Färdigmat & Sallader"
    },
    "preferences": [
      {
        "name": "Nyckelhålsmärkt"
      },
      {
        "name": "Glutenfritt"
      }
    ],
    "store": {
      "name": "Willys",
      "logoUrl": "https://digitalatjanster.se/wp-content/uploads/2020/04/willys-logo.png"
    },
    "discount": null
  },
  {
    "productName": "Formbar Färs Fryst",
    "price": "59,90",
    "quantity": "850g",
    "quantityUnit": "g",
    "comparisonUnit": "kg",
    "comparisonPrice": "70,47 kr",
    "brand": "Anamma",
    "imageUrl": "https://d2rfo6yapuixuu.cloudfront.net/h46/h1d/11486416338974/7310240120127_1617875470621_master_axfood_100",
    "category": {
      "name": "Färdigmat & Sallader"
    },
    "preferences": [
      {
        "name": "Nyckelhålsmärkt"
      },
      {
        "name": "Glutenfritt"
      }
    ],
    "store": {
      "name": "Willys",
      "logoUrl": "https://digitalatjanster.se/wp-content/uploads/2020/04/willys-logo.png"
    },
    "discount": null
  },
  {
    "productName": "Vegobullar Frysta",
    "price": "59,90",
    "quantity": "900g",
    "quantityUnit": "g",
    "comparisonUnit": "kg",
    "comparisonPrice": "66,55 kr",
    "brand": "Anamma",
    "imageUrl": "https://d2rfo6yapuixuu.cloudfront.net/h69/h93/9030889111582/07310240121131.jpg_1513855939979_master_axfood_100",
    "category": {
      "name": "Färdigmat & Sallader"
    },
    "preferences": [
      {
        "name": "Nyckelhålsmärkt"
      },
      {
        "name": "Glutenfritt"
      }
    ],
    "store": {
      "name": "Willys",
      "logoUrl": "https://digitalatjanster.se/wp-content/uploads/2020/04/willys-logo.png"
    },
    "discount": null
  },
  {
    "productName": "Vegokorv Fryst",
    "price": "59,90",
    "quantity": "840g",
    "quantityUnit": "g",
    "comparisonUnit": "kg",
    "comparisonPrice": "71,31 kr",
    "brand": "Anamma",
    "imageUrl": "https://d2rfo6yapuixuu.cloudfront.net/he5/h9d/9030889439262/07310240121148.jpg_1513855951243_master_axfood_100",
    "category": {
      "name": "Färdigmat & Sallader"
    },
    "preferences": [
      {
        "name": "Glutenfritt"
      }
    ],
    "store": {
      "name": "Willys",
      "logoUrl": "https://digitalatjanster.se/wp-content/uploads/2020/04/willys-logo.png"
    },
    "discount": null
  },
  {
    "productName": "Färs Formbar av Ärta Fryst",
    "price": "65,90",
    "quantity": "750g",
    "quantityUnit": "g",
    "comparisonUnit": "kg",
    "comparisonPrice": "87,86 kr",
    "brand": "Anamma",
    "imageUrl": "https://d2rfo6yapuixuu.cloudfront.net/he7/hf4/11486484267038/7310240120424_1617876069195_master_axfood_100",
    "category": {
      "name": "Färdigmat & Sallader"
    },
    "preferences": [
      {
        "name": "Nyckelhålsmärkt"
      },
      {
        "name": "Glutenfritt"
      }
    ],
    "store": {
      "name": "Willys",
      "logoUrl": "https://digitalatjanster.se/wp-content/uploads/2020/04/willys-logo.png"
    },
    "discount": null
  },
  {
    "productName": "Vegoburgare Frysta",
    "price": "59,90",
    "quantity": "880g",
    "quantityUnit": "g",
    "comparisonUnit": "kg",
    "comparisonPrice": "68,07 kr",
    "brand": "Anamma",
    "imageUrl": "https://d2rfo6yapuixuu.cloudfront.net/hde/h3e/9030888783902/07310240121124.jpg_1513855937896_master_axfood_100",
    "category": {
      "name": "Färdigmat & Sallader"
    },
    "preferences": [
      {
        "name": "Nyckelhålsmärkt"
      },
      {
        "name": "Glutenfritt"
      }
    ],
    "store": {
      "name": "Willys",
      "logoUrl": "https://digitalatjanster.se/wp-content/uploads/2020/04/willys-logo.png"
    },
    "discount": null
  },
  {
    "productName": "Spareribs",
    "price": "59,90",
    "quantity": "500g",
    "quantityUnit": "g",
    "comparisonUnit": "kg",
    "comparisonPrice": "119,80 kr",
    "brand": "Tulip",
    "imageUrl": "https://d2rfo6yapuixuu.cloudfront.net/h0b/h65/10274370420766/5707196263602_1593690918290_master_axfood_100",
    "category": {
      "name": "Färdigmat & Sallader"
    },
    "preferences": null,
    "store": {
      "name": "Willys",
      "logoUrl": "https://digitalatjanster.se/wp-content/uploads/2020/04/willys-logo.png"
    },
    "discount": null
  },
  {
    "productName": "Fettuccine Italiensk Färsk Pasta",
    "price": "17,90",
    "quantity": "500g",
    "quantityUnit": "g",
    "comparisonUnit": "kg",
    "comparisonPrice": "35,80 kr",
    "brand": "Eldorado",
    "imageUrl": "https://d2rfo6yapuixuu.cloudfront.net/h3c/h70/8857107988510/07340083430756.jpg_master_axfood_100",
    "category": {
      "name": "Färdigmat & Sallader"
    },
    "preferences": null,
    "store": {
      "name": "Willys",
      "logoUrl": "https://digitalatjanster.se/wp-content/uploads/2020/04/willys-logo.png"
    },
    "discount": null
  },
  {
    "productName": "Tagliolini Italiensk Färsk Pasta",
    "price": "17,90",
    "quantity": "500g",
    "quantityUnit": "g",
    "comparisonUnit": "kg",
    "comparisonPrice": "35,80 kr",
    "brand": "Eldorado",
    "imageUrl": "https://d2rfo6yapuixuu.cloudfront.net/hd7/hb8/8857105891358/07340083430763.jpg_master_axfood_100",
    "category": {
      "name": "Färdigmat & Sallader"
    },
    "preferences": null,
    "store": {
      "name": "Willys",
      "logoUrl": "https://digitalatjanster.se/wp-content/uploads/2020/04/willys-logo.png"
    },
    "discount": null
  },
  {
    "productName": "Gnocchi Italiensk",
    "price": "15,50",
    "quantity": "500g",
    "quantityUnit": "g",
    "comparisonUnit": "kg",
    "comparisonPrice": "31,00 kr",
    "brand": "Eldorado",
    "imageUrl": "https://d2rfo6yapuixuu.cloudfront.net/hc2/h6c/8862056284190/07340083445187.jpg_master_axfood_100",
    "category": {
      "name": "Färdigmat & Sallader"
    },
    "preferences": null,
    "store": {
      "name": "Willys",
      "logoUrl": "https://digitalatjanster.se/wp-content/uploads/2020/04/willys-logo.png"
    },
    "discount": null
  },
  {
    "productName": "Dressing Caesar",
    "price": "16,50",
    "quantity": "200ml",
    "quantityUnit": "g",
    "comparisonUnit": "kg",
    "comparisonPrice": "82,50 kr",
    "brand": "Garant",
    "imageUrl": "https://d2rfo6yapuixuu.cloudfront.net/hfd/hb7/9837548109854/7340083475955_1581415832912_master_axfood_100",
    "category": {
      "name": "Färdigmat & Sallader"
    },
    "preferences": null,
    "store": {
      "name": "Willys",
      "logoUrl": "https://digitalatjanster.se/wp-content/uploads/2020/04/willys-logo.png"
    },
    "discount": null
  },
  {
    "productName": "Dressing Vitlök",
    "price": "16,50",
    "quantity": "200ml",
    "quantityUnit": "g",
    "comparisonUnit": "kg",
    "comparisonPrice": "82,50 kr",
    "brand": "Garant",
    "imageUrl": "https://d2rfo6yapuixuu.cloudfront.net/hc9/hf2/9837547716638/7340083475948_1581415831151_master_axfood_100",
    "category": {
      "name": "Färdigmat & Sallader"
    },
    "preferences": null,
    "store": {
      "name": "Willys",
      "logoUrl": "https://digitalatjanster.se/wp-content/uploads/2020/04/willys-logo.png"
    },
    "discount": null
  },
  {
    "productName": "Dressing Rhode Island Färsk",
    "price": "16,50",
    "quantity": "200ml",
    "quantityUnit": "g",
    "comparisonUnit": "kg",
    "comparisonPrice": "82,50 kr",
    "brand": "Garant",
    "imageUrl": "https://d2rfo6yapuixuu.cloudfront.net/h3f/hbc/9893841567774/7340083479922_1583618268855_master_axfood_100",
    "category": {
      "name": "Färdigmat & Sallader"
    },
    "preferences": null,
    "store": {
      "name": "Willys",
      "logoUrl": "https://digitalatjanster.se/wp-content/uploads/2020/04/willys-logo.png"
    },
    "discount": null
  },
  {
    "productName": "Köttbullar Kyckling",
    "price": "23,90",
    "quantity": "350g",
    "quantityUnit": "g",
    "comparisonUnit": "kg",
    "comparisonPrice": "68,28 kr",
    "brand": "Garant",
    "imageUrl": "https://d2rfo6yapuixuu.cloudfront.net/h9c/h02/8915820970014/07340083453892.jpg_1491483646791_master_axfood_100",
    "category": {
      "name": "Färdigmat & Sallader"
    },
    "preferences": [
      {
        "name": "Svensk Flagga"
      }
    ],
    "store": {
      "name": "Willys",
      "logoUrl": "https://digitalatjanster.se/wp-content/uploads/2020/04/willys-logo.png"
    },
    "discount": null
  },
  {
    "productName": "Hamburgare 8x90g Frysta",
    "price": "51,90",
    "quantity": "720g",
    "quantityUnit": "g",
    "comparisonUnit": "kg",
    "comparisonPrice": "72,08 kr",
    "brand": "Prime Patrol",
    "imageUrl": "https://d2rfo6yapuixuu.cloudfront.net/hbc/h69/11363789471774/7340083460852_1615763142839_master_axfood_100",
    "category": {
      "name": "Färdigmat & Sallader"
    },
    "preferences": null,
    "store": {
      "name": "Willys",
      "logoUrl": "https://digitalatjanster.se/wp-content/uploads/2020/04/willys-logo.png"
    },
    "discount": null
  },
  {
    "productName": "Hamburgare Högrev 99% Frysta",
    "price": "65,90",
    "quantity": "4p/600g",
    "quantityUnit": "g",
    "comparisonUnit": "kg",
    "comparisonPrice": "109,84 kr",
    "brand": "Prime Patrol",
    "imageUrl": "https://d2rfo6yapuixuu.cloudfront.net/h62/h69/9031939194910/07340083463921.jpg_1513919964871_master_axfood_100",
    "category": {
      "name": "Färdigmat & Sallader"
    },
    "preferences": null,
    "store": {
      "name": "Willys",
      "logoUrl": "https://digitalatjanster.se/wp-content/uploads/2020/04/willys-logo.png"
    },
    "discount": null
  },
  {
    "productName": "Angusburgare Fryst",
    "price": "45,90",
    "quantity": "454g",
    "quantityUnit": "g",
    "comparisonUnit": "kg",
    "comparisonPrice": "101,10 kr",
    "brand": "Prime Patrol",
    "imageUrl": "https://d2rfo6yapuixuu.cloudfront.net/ha2/hdc/11258373898270/7340083485190_1614072058919_master_axfood_100",
    "category": {
      "name": "Färdigmat & Sallader"
    },
    "preferences": null,
    "store": {
      "name": "Willys",
      "logoUrl": "https://digitalatjanster.se/wp-content/uploads/2020/04/willys-logo.png"
    },
    "discount": null
  },
  {
    "productName": "Köttbullar Sverige",
    "price": "45,90",
    "quantity": "1kg",
    "quantityUnit": "kg",
    "comparisonUnit": "kg",
    "comparisonPrice": "45,90 kr",
    "brand": "Garant",
    "imageUrl": "https://d2rfo6yapuixuu.cloudfront.net/h82/h6e/9284156653598/7311041056363_1542635742109_master_axfood_100",
    "category": {
      "name": "Färdigmat & Sallader"
    },
    "preferences": [
      {
        "name": "Svensk Flagga"
      }
    ],
    "store": {
      "name": "Willys",
      "logoUrl": "https://digitalatjanster.se/wp-content/uploads/2020/04/willys-logo.png"
    },
    "discount": null
  },
  {
    "productName": "Köttbullar Sverige",
    "price": "18,90",
    "quantity": "350g",
    "quantityUnit": "g",
    "comparisonUnit": "kg",
    "comparisonPrice": "54,00 kr",
    "brand": "Garant",
    "imageUrl": "https://d2rfo6yapuixuu.cloudfront.net/h2c/hd2/9284136730654/7311041056387_1542634828938_master_axfood_100",
    "category": {
      "name": "Färdigmat & Sallader"
    },
    "preferences": [
      {
        "name": "Svensk Flagga"
      }
    ],
    "store": {
      "name": "Willys",
      "logoUrl": "https://digitalatjanster.se/wp-content/uploads/2020/04/willys-logo.png"
    },
    "discount": null
  },
  {
    "productName": "Tzatziki",
    "price": "25,90",
    "quantity": "500g",
    "quantityUnit": "g",
    "comparisonUnit": "kg",
    "comparisonPrice": "51,80 kr",
    "brand": "Salakis",
    "imageUrl": "https://d2rfo6yapuixuu.cloudfront.net/hbb/h0c/11780370169886/7392672105354_1623144356347_master_axfood_100",
    "category": {
      "name": "Färdigmat & Sallader"
    },
    "preferences": null,
    "store": {
      "name": "Willys",
      "logoUrl": "https://digitalatjanster.se/wp-content/uploads/2020/04/willys-logo.png"
    },
    "discount": null
  },
  {
    "productName": "Våtservetter Baby",
    "price": "16,90",
    "quantity": "64st",
    "quantityUnit": "g",
    "comparisonUnit": "st",
    "comparisonPrice": "0,26 kr",
    "brand": "Minstingen",
    "imageUrl": "https://d2rfo6yapuixuu.cloudfront.net/h71/h16/11330105344030/7340083477881_1615219226257_master_axfood_100",
    "category": {
      "name": "Barn"
    },
    "preferences": null,
    "store": {
      "name": "Willys",
      "logoUrl": "https://digitalatjanster.se/wp-content/uploads/2020/04/willys-logo.png"
    },
    "discount": null
  },
  {
    "productName": "Våtservetter Travelpack",
    "price": "10,50",
    "quantity": "24st",
    "quantityUnit": "g",
    "comparisonUnit": "st",
    "comparisonPrice": "0,44 kr",
    "brand": "Minstingen",
    "imageUrl": "https://d2rfo6yapuixuu.cloudfront.net/h98/ha0/8874818011166/07340083452024.jpg_1475277062392_master_axfood_100",
    "category": {
      "name": "Barn"
    },
    "preferences": null,
    "store": {
      "name": "Willys",
      "logoUrl": "https://digitalatjanster.se/wp-content/uploads/2020/04/willys-logo.png"
    },
    "discount": null
  },
  {
    "productName": "Majskorvar Krispiga Glutenfria",
    "price": "22,50",
    "quantity": "90g",
    "quantityUnit": "g",
    "comparisonUnit": "kg",
    "comparisonPrice": "250,00 kr",
    "brand": "Garant",
    "imageUrl": "https://d2rfo6yapuixuu.cloudfront.net/h74/h95/8856490016798/7340083401794.jpg_master_axfood_100",
    "category": {
      "name": "Barn"
    },
    "preferences": [
      {
        "name": "Glutenfritt"
      }
    ],
    "store": {
      "name": "Willys",
      "logoUrl": "https://digitalatjanster.se/wp-content/uploads/2020/04/willys-logo.png"
    },
    "discount": null
  },
  {
    "productName": "Våtservetter",
    "price": "44,40",
    "quantity": "128st",
    "quantityUnit": "g",
    "comparisonUnit": "st",
    "comparisonPrice": "0,35 kr",
    "brand": "Libero",
    "imageUrl": "https://d2rfo6yapuixuu.cloudfront.net/h66/h9e/9893773672478/7322541164762_1583617274439_master_axfood_100",
    "category": {
      "name": "Barn"
    },
    "preferences": null,
    "store": {
      "name": "Willys",
      "logoUrl": "https://digitalatjanster.se/wp-content/uploads/2020/04/willys-logo.png"
    },
    "discount": null
  },
  {
    "productName": "Tvättlapp Torra 3 Lager",
    "price": "36,90",
    "quantity": "250p",
    "quantityUnit": "g",
    "comparisonUnit": "st",
    "comparisonPrice": "0,15 kr",
    "brand": "Minstingen",
    "imageUrl": "https://d2rfo6yapuixuu.cloudfront.net/hb2/h11/11388802596894/7340083433788_1616112330787_master_axfood_100",
    "category": {
      "name": "Barn"
    },
    "preferences": null,
    "store": {
      "name": "Willys",
      "logoUrl": "https://digitalatjanster.se/wp-content/uploads/2020/04/willys-logo.png"
    },
    "discount": null
  },
  {
    "productName": "Våtservetter",
    "price": "26,80",
    "quantity": "64p",
    "quantityUnit": "g",
    "comparisonUnit": "st",
    "comparisonPrice": "0,42 kr",
    "brand": "Libero",
    "imageUrl": "https://d2rfo6yapuixuu.cloudfront.net/hf6/ha8/9893773344798/7322541164724_1583617272379_master_axfood_100",
    "category": {
      "name": "Barn"
    },
    "preferences": null,
    "store": {
      "name": "Willys",
      "logoUrl": "https://digitalatjanster.se/wp-content/uploads/2020/04/willys-logo.png"
    },
    "discount": null
  },
  {
    "productName": "Servetter Hand Och Ansikte",
    "price": "16,90",
    "quantity": "20st",
    "quantityUnit": "g",
    "comparisonUnit": "st",
    "comparisonPrice": "0,85 kr",
    "brand": "Libero",
    "imageUrl": "https://d2rfo6yapuixuu.cloudfront.net/hf4/hc0/8912306307102/07322540792089.jpg_1490569517452_master_axfood_100",
    "category": {
      "name": "Barn"
    },
    "preferences": null,
    "store": {
      "name": "Willys",
      "logoUrl": "https://digitalatjanster.se/wp-content/uploads/2020/04/willys-logo.png"
    },
    "discount": null
  },
  {
    "productName": "Kids Schampo & Dusch",
    "price": "22,90",
    "quantity": "250ml",
    "quantityUnit": "g",
    "comparisonUnit": "l",
    "comparisonPrice": "91,60 kr",
    "brand": "Barnängen Barn",
    "imageUrl": "https://d2rfo6yapuixuu.cloudfront.net/h11/hbf/8888352866334/07332531039970.jpg_1483089340466_master_axfood_100",
    "category": {
      "name": "Barn"
    },
    "preferences": null,
    "store": {
      "name": "Willys",
      "logoUrl": "https://digitalatjanster.se/wp-content/uploads/2020/04/willys-logo.png"
    },
    "discount": null
  },
  {
    "productName": "Schampo Balsam",
    "price": "22,90",
    "quantity": "250ml",
    "quantityUnit": "g",
    "comparisonUnit": "l",
    "comparisonPrice": "91,60 kr",
    "brand": "Barnängen Barn",
    "imageUrl": "https://d2rfo6yapuixuu.cloudfront.net/h79/h58/8888353783838/07332531040013.jpg_1483089648220_master_axfood_100",
    "category": {
      "name": "Barn"
    },
    "preferences": null,
    "store": {
      "name": "Willys",
      "logoUrl": "https://digitalatjanster.se/wp-content/uploads/2020/04/willys-logo.png"
    },
    "discount": null
  },
  {
    "productName": "Babypowder",
    "price": "24,90",
    "quantity": "100g",
    "quantityUnit": "g",
    "comparisonUnit": "kg",
    "comparisonPrice": "249,00 kr",
    "brand": "Natusan",
    "imageUrl": "https://d2rfo6yapuixuu.cloudfront.net/h4e/h08/10157168885790/3574661505756_1590662713123_master_axfood_100",
    "category": {
      "name": "Barn"
    },
    "preferences": null,
    "store": {
      "name": "Willys",
      "logoUrl": "https://digitalatjanster.se/wp-content/uploads/2020/04/willys-logo.png"
    },
    "discount": {
      "discountType": "GENERAL",
      "quantityToBeBought": 1,
      "displayPrice": "24,90 kr",
      "savings": 5,
      "percentageSavings": 21,
      "isMemberDiscount": false
    }
  },
  {
    "productName": "Fruktstång Blåbär 12 Månader",
    "price": "8,50",
    "quantity": "25g",
    "quantityUnit": "g",
    "comparisonUnit": "kg",
    "comparisonPrice": "340,00 kr",
    "brand": "Nestlé",
    "imageUrl": "https://d2rfo6yapuixuu.cloudfront.net/hf2/h0b/10304549715998/7613035497641_1594642228301_master_axfood_100",
    "category": {
      "name": "Barn"
    },
    "preferences": null,
    "store": {
      "name": "Willys",
      "logoUrl": "https://digitalatjanster.se/wp-content/uploads/2020/04/willys-logo.png"
    },
    "discount": {
      "discountType": "GENERAL",
      "quantityToBeBought": 3,
      "displayPrice": "8,50 kr",
      "savings": 0.166666666666666,
      "percentageSavings": 2,
      "isMemberDiscount": false
    }
  },
  {
    "productName": "Fruktstång Passionsfrukt 12 Månader",
    "price": "8,50",
    "quantity": "25g",
    "quantityUnit": "g",
    "comparisonUnit": "kg",
    "comparisonPrice": "340,00 kr",
    "brand": "Nestlé",
    "imageUrl": "https://d2rfo6yapuixuu.cloudfront.net/h0c/hf7/10304550109214/7613035725737_1594642229996_master_axfood_100",
    "category": {
      "name": "Barn"
    },
    "preferences": null,
    "store": {
      "name": "Willys",
      "logoUrl": "https://digitalatjanster.se/wp-content/uploads/2020/04/willys-logo.png"
    },
    "discount": {
      "discountType": "GENERAL",
      "quantityToBeBought": 3,
      "displayPrice": "8,50 kr",
      "savings": 0.166666666666666,
      "percentageSavings": 2,
      "isMemberDiscount": false
    }
  },
  {
    "productName": "Gröt Jordgubb & Banan Från 6 Månader",
    "price": "10,90",
    "quantity": "120g",
    "quantityUnit": "g",
    "comparisonUnit": "kg",
    "comparisonPrice": "90,83 kr",
    "brand": "Semper",
    "imageUrl": "https://d2rfo6yapuixuu.cloudfront.net/h0a/h4a/8861595238430/07310100690883.jpg_master_axfood_100",
    "category": {
      "name": "Barn"
    },
    "preferences": null,
    "store": {
      "name": "Willys",
      "logoUrl": "https://digitalatjanster.se/wp-content/uploads/2020/04/willys-logo.png"
    },
    "discount": null
  },
  {
    "productName": "Gröt Päron/aprikos Från 6 Månader",
    "price": "10,90",
    "quantity": "120g",
    "quantityUnit": "g",
    "comparisonUnit": "kg",
    "comparisonPrice": "90,83 kr",
    "brand": "Semper",
    "imageUrl": "https://d2rfo6yapuixuu.cloudfront.net/hc1/h94/8857495240734/07310100690548.jpg_master_axfood_100",
    "category": {
      "name": "Barn"
    },
    "preferences": null,
    "store": {
      "name": "Willys",
      "logoUrl": "https://digitalatjanster.se/wp-content/uploads/2020/04/willys-logo.png"
    },
    "discount": null
  },
  {
    "productName": "Gröt Äpple/persika Från 6 Månader",
    "price": "10,90",
    "quantity": "120g",
    "quantityUnit": "g",
    "comparisonUnit": "kg",
    "comparisonPrice": "90,83 kr",
    "brand": "Semper",
    "imageUrl": "https://d2rfo6yapuixuu.cloudfront.net/h3e/h94/8857493143582/07310100690470.jpg_master_axfood_100",
    "category": {
      "name": "Barn"
    },
    "preferences": null,
    "store": {
      "name": "Willys",
      "logoUrl": "https://digitalatjanster.se/wp-content/uploads/2020/04/willys-logo.png"
    },
    "discount": null
  },
  {
    "productName": "Gröt Päron Och Mango Från 6 Månader",
    "price": "10,90",
    "quantity": "120g",
    "quantityUnit": "g",
    "comparisonUnit": "kg",
    "comparisonPrice": "90,83 kr",
    "brand": "Semper",
    "imageUrl": "https://d2rfo6yapuixuu.cloudfront.net/hb4/h19/10273308377118/7310100690395_1593673257808_master_axfood_100",
    "category": {
      "name": "Barn"
    },
    "preferences": null,
    "store": {
      "name": "Willys",
      "logoUrl": "https://digitalatjanster.se/wp-content/uploads/2020/04/willys-logo.png"
    },
    "discount": null
  },
  {
    "productName": "Gröt Äpple & Kanel Från 6 Månader",
    "price": "10,90",
    "quantity": "120g",
    "quantityUnit": "g",
    "comparisonUnit": "kg",
    "comparisonPrice": "90,83 kr",
    "brand": "Semper",
    "imageUrl": "https://d2rfo6yapuixuu.cloudfront.net/h64/h28/9358579826718/7310100697813_1549281646567_master_axfood_100",
    "category": {
      "name": "Barn"
    },
    "preferences": null,
    "store": {
      "name": "Willys",
      "logoUrl": "https://digitalatjanster.se/wp-content/uploads/2020/04/willys-logo.png"
    },
    "discount": null
  },
  {
    "productName": "Fruktmums Jordgubb Från 6 Månader",
    "price": "12,90",
    "quantity": "110g",
    "quantityUnit": "g",
    "comparisonUnit": "kg",
    "comparisonPrice": "117,27 kr",
    "brand": "Semper",
    "imageUrl": "https://d2rfo6yapuixuu.cloudfront.net/h27/h76/9736648097822/7310100708885_1576683062492_master_axfood_100",
    "category": {
      "name": "Barn"
    },
    "preferences": null,
    "store": {
      "name": "Willys",
      "logoUrl": "https://digitalatjanster.se/wp-content/uploads/2020/04/willys-logo.png"
    },
    "discount": null
  },
  {
    "productName": "Päron Katrinplommon 6m Gröt",
    "price": "10,90",
    "quantity": "120g",
    "quantityUnit": "g",
    "comparisonUnit": "kg",
    "comparisonPrice": "90,83 kr",
    "brand": "Semper",
    "imageUrl": "https://d2rfo6yapuixuu.cloudfront.net/h9d/h2d/8863366643742/07310100697738.jpg_master_axfood_100",
    "category": {
      "name": "Barn"
    },
    "preferences": null,
    "store": {
      "name": "Willys",
      "logoUrl": "https://digitalatjanster.se/wp-content/uploads/2020/04/willys-logo.png"
    },
    "discount": null
  },
  {
    "productName": "Gröt Yoghurt Äpple/päron Från 6 Månader",
    "price": "10,90",
    "quantity": "120g",
    "quantityUnit": "g",
    "comparisonUnit": "kg",
    "comparisonPrice": "90,83 kr",
    "brand": "Semper",
    "imageUrl": "https://d2rfo6yapuixuu.cloudfront.net/h6f/hdc/9358718435358/7310100698643_1549286784004_master_axfood_100",
    "category": {
      "name": "Barn"
    },
    "preferences": null,
    "store": {
      "name": "Willys",
      "logoUrl": "https://digitalatjanster.se/wp-content/uploads/2020/04/willys-logo.png"
    },
    "discount": null
  },
  {
    "productName": "Växtnäring",
    "price": "21,90",
    "quantity": "1l",
    "quantityUnit": "g",
    "comparisonUnit": "l",
    "comparisonPrice": "21,90 kr",
    "brand": "Grönt & Fint",
    "imageUrl": "https://d2rfo6yapuixuu.cloudfront.net/hef/hbe/10499541925918/7393481605011_1599826823038_master_axfood_100",
    "category": {
      "name": "Blommor & Växter"
    },
    "preferences": null,
    "store": {
      "name": "Willys",
      "logoUrl": "https://digitalatjanster.se/wp-content/uploads/2020/04/willys-logo.png"
    },
    "discount": null
  },
  {
    "productName": "Helgbukett",
    "price": "99,90",
    "quantity": "",
    "quantityUnit": "g",
    "comparisonUnit": "",
    "comparisonPrice": "",
    "brand": null,
    "imageUrl": "https://d2rfo6yapuixuu.cloudfront.net/h75/h0b/12019077218334/7311042010616_1629962435253_master_axfood_100",
    "category": {
      "name": "Blommor & Växter"
    },
    "preferences": null,
    "store": {
      "name": "Willys",
      "logoUrl": "https://digitalatjanster.se/wp-content/uploads/2020/04/willys-logo.png"
    },
    "discount": null
  },
  {
    "productName": "Rosor 7-pack",
    "price": "34,90",
    "quantity": "",
    "quantityUnit": "g",
    "comparisonUnit": "",
    "comparisonPrice": "",
    "brand": null,
    "imageUrl": "https://d2rfo6yapuixuu.cloudfront.net/ha1/h7a/9376676020254/7311042009191_1550661019900_master_axfood_100",
    "category": {
      "name": "Blommor & Växter"
    },
    "preferences": [
      {
        "name": "Fairtrade"
      }
    ],
    "store": {
      "name": "Willys",
      "logoUrl": "https://digitalatjanster.se/wp-content/uploads/2020/04/willys-logo.png"
    },
    "discount": null
  },
  {
    "productName": "Veckans Bukett",
    "price": "69,90",
    "quantity": "",
    "quantityUnit": "g",
    "comparisonUnit": "",
    "comparisonPrice": "",
    "brand": null,
    "imageUrl": "https://d2rfo6yapuixuu.cloudfront.net/h99/h3b/11099031961630/7311042007340_1611577258889_master_axfood_100",
    "category": {
      "name": "Blommor & Växter"
    },
    "preferences": null,
    "store": {
      "name": "Willys",
      "logoUrl": "https://digitalatjanster.se/wp-content/uploads/2020/04/willys-logo.png"
    },
    "discount": null
  },
  {
    "productName": "Brudslöja Gypsophila 2-pack",
    "price": "34,90",
    "quantity": "",
    "quantityUnit": "g",
    "comparisonUnit": "",
    "comparisonPrice": "",
    "brand": null,
    "imageUrl": "https://d2rfo6yapuixuu.cloudfront.net/h2f/h9d/11152741040158/7311042008675_1612356366949_master_axfood_100",
    "category": {
      "name": "Blommor & Växter"
    },
    "preferences": null,
    "store": {
      "name": "Willys",
      "logoUrl": "https://digitalatjanster.se/wp-content/uploads/2020/04/willys-logo.png"
    },
    "discount": {
      "discountType": "GENERAL",
      "quantityToBeBought": 1,
      "displayPrice": "34,90 kr",
      "savings": 5,
      "percentageSavings": 15,
      "isMemberDiscount": false
    }
  },
  {
    "productName": "Bukett Lyx",
    "price": "169,00",
    "quantity": "",
    "quantityUnit": "g",
    "comparisonUnit": "",
    "comparisonPrice": "",
    "brand": null,
    "imageUrl": "https://d2rfo6yapuixuu.cloudfront.net/hca/h37/11098915209246/7311042007074_1611576653828_master_axfood_100",
    "category": {
      "name": "Blommor & Växter"
    },
    "preferences": null,
    "store": {
      "name": "Willys",
      "logoUrl": "https://digitalatjanster.se/wp-content/uploads/2020/04/willys-logo.png"
    },
    "discount": null
  },
  {
    "productName": "Eukalyptus Bunt",
    "price": "34,90",
    "quantity": "",
    "quantityUnit": "g",
    "comparisonUnit": "",
    "comparisonPrice": "",
    "brand": null,
    "imageUrl": "https://d2rfo6yapuixuu.cloudfront.net/h29/h46/11099031633950/7311042007012_1611577256505_master_axfood_100",
    "category": {
      "name": "Blommor & Växter"
    },
    "preferences": null,
    "store": {
      "name": "Willys",
      "logoUrl": "https://digitalatjanster.se/wp-content/uploads/2020/04/willys-logo.png"
    },
    "discount": {
      "discountType": "GENERAL",
      "quantityToBeBought": 1,
      "displayPrice": "34,90 kr",
      "savings": 5,
      "percentageSavings": 15,
      "isMemberDiscount": false
    }
  },
  {
    "productName": "Floristens Val",
    "price": "119,00",
    "quantity": "",
    "quantityUnit": "g",
    "comparisonUnit": "",
    "comparisonPrice": "",
    "brand": null,
    "imageUrl": "https://d2rfo6yapuixuu.cloudfront.net/h52/he6/10763662327838/7311042010388_1605710736227_master_axfood_100",
    "category": {
      "name": "Blommor & Växter"
    },
    "preferences": null,
    "store": {
      "name": "Willys",
      "logoUrl": "https://digitalatjanster.se/wp-content/uploads/2020/04/willys-logo.png"
    },
    "discount": null
  },
  {
    "productName": "Blomjord",
    "price": "39,90",
    "quantity": "18l",
    "quantityUnit": "g",
    "comparisonUnit": "l",
    "comparisonPrice": "2,22 kr",
    "brand": "Fixa",
    "imageUrl": "https://d2rfo6yapuixuu.cloudfront.net/h1a/hd9/11136683114526/7340083487118_1612141229693_master_axfood_100",
    "category": {
      "name": "Blommor & Växter"
    },
    "preferences": [
      {
        "name": "Ekologiskt"
      },
      {
        "name": "KRAV-märkt"
      }
    ],
    "store": {
      "name": "Willys",
      "logoUrl": "https://digitalatjanster.se/wp-content/uploads/2020/04/willys-logo.png"
    },
    "discount": null
  },
  {
    "productName": "Blom Jord",
    "price": "32,90",
    "quantity": "8l",
    "quantityUnit": "g",
    "comparisonUnit": "st",
    "comparisonPrice": "4,11 kr",
    "brand": "Fixa",
    "imageUrl": "https://d2rfo6yapuixuu.cloudfront.net/h8f/h84/11136682786846/7340083487101_1612141227923_master_axfood_100",
    "category": {
      "name": "Blommor & Växter"
    },
    "preferences": [
      {
        "name": "Ekologiskt"
      },
      {
        "name": "KRAV-märkt"
      }
    ],
    "store": {
      "name": "Willys",
      "logoUrl": "https://digitalatjanster.se/wp-content/uploads/2020/04/willys-logo.png"
    },
    "discount": null
  },
  {
    "productName": "Blomjord",
    "price": "27,90",
    "quantity": "4l",
    "quantityUnit": "g",
    "comparisonUnit": "st",
    "comparisonPrice": "6,98 kr",
    "brand": "Fixa",
    "imageUrl": "https://d2rfo6yapuixuu.cloudfront.net/h40/hab/11136684687390/7340083487095_1612141524738_master_axfood_100",
    "category": {
      "name": "Blommor & Växter"
    },
    "preferences": [
      {
        "name": "Ekologiskt"
      },
      {
        "name": "KRAV-märkt"
      }
    ],
    "store": {
      "name": "Willys",
      "logoUrl": "https://digitalatjanster.se/wp-content/uploads/2020/04/willys-logo.png"
    },
    "discount": null
  },
  {
    "productName": "Lecakulor",
    "price": "39,90",
    "quantity": "4l",
    "quantityUnit": "g",
    "comparisonUnit": "l",
    "comparisonPrice": "9,98 kr",
    "brand": "Fixa",
    "imageUrl": "https://d2rfo6yapuixuu.cloudfront.net/hb5/h56/11136685015070/7340083487125_1612141526916_master_axfood_100",
    "category": {
      "name": "Blommor & Växter"
    },
    "preferences": [
      {
        "name": "Ekologiskt"
      },
      {
        "name": "KRAV-märkt"
      }
    ],
    "store": {
      "name": "Willys",
      "logoUrl": "https://digitalatjanster.se/wp-content/uploads/2020/04/willys-logo.png"
    },
    "discount": null
  },
  {
    "productName": "Växtnäring",
    "price": "32,90",
    "quantity": "750ml",
    "quantityUnit": "g",
    "comparisonUnit": "l",
    "comparisonPrice": "43,87 kr",
    "brand": "Blomstra",
    "imageUrl": "https://d2rfo6yapuixuu.cloudfront.net/h3f/hf3/10162688491550/7310614709002_1590760249689_master_axfood_100",
    "category": {
      "name": "Blommor & Växter"
    },
    "preferences": null,
    "store": {
      "name": "Willys",
      "logoUrl": "https://digitalatjanster.se/wp-content/uploads/2020/04/willys-logo.png"
    },
    "discount": null
  },
  {
    "productName": "Näringspinnar Röda",
    "price": "21,90",
    "quantity": "30p",
    "quantityUnit": "g",
    "comparisonUnit": "st",
    "comparisonPrice": "0,73 kr",
    "brand": "Blomstra",
    "imageUrl": "https://d2rfo6yapuixuu.cloudfront.net/h85/h9b/10162304909342/7310035120103_1590756351709_master_axfood_100",
    "category": {
      "name": "Blommor & Växter"
    },
    "preferences": null,
    "store": {
      "name": "Willys",
      "logoUrl": "https://digitalatjanster.se/wp-content/uploads/2020/04/willys-logo.png"
    },
    "discount": null
  },
  {
    "productName": "Näringspinnar Gröna",
    "price": "21,90",
    "quantity": "30p",
    "quantityUnit": "g",
    "comparisonUnit": "st",
    "comparisonPrice": "0,73 kr",
    "brand": "Blomstra",
    "imageUrl": "https://d2rfo6yapuixuu.cloudfront.net/hc3/ha1/10162309267486/7310035120202_1590756388081_master_axfood_100",
    "category": {
      "name": "Blommor & Växter"
    },
    "preferences": null,
    "store": {
      "name": "Willys",
      "logoUrl": "https://digitalatjanster.se/wp-content/uploads/2020/04/willys-logo.png"
    },
    "discount": null
  },
  {
    "productName": "Orkidenäring",
    "price": "26,90",
    "quantity": "300ml",
    "quantityUnit": "g",
    "comparisonUnit": "l",
    "comparisonPrice": "89,67 kr",
    "brand": "Blomstra",
    "imageUrl": "https://d2rfo6yapuixuu.cloudfront.net/h3d/h51/10162713100318/7310614711005_1590760544095_master_axfood_100",
    "category": {
      "name": "Blommor & Växter"
    },
    "preferences": null,
    "store": {
      "name": "Willys",
      "logoUrl": "https://digitalatjanster.se/wp-content/uploads/2020/04/willys-logo.png"
    },
    "discount": null
  },
  {
    "productName": "Kruka Delphi D14cm H13cm Vit",
    "price": "39,90",
    "quantity": "st",
    "quantityUnit": "g",
    "comparisonUnit": "st",
    "comparisonPrice": "39,90 kr",
    "brand": null,
    "imageUrl": "https://d2rfo6yapuixuu.cloudfront.net/h8f/h12/9399918886942/7340083474484_1552482334836_master_axfood_100",
    "category": {
      "name": "Blommor & Växter"
    },
    "preferences": null,
    "store": {
      "name": "Willys",
      "logoUrl": "https://digitalatjanster.se/wp-content/uploads/2020/04/willys-logo.png"
    },
    "discount": null
  },
  {
    "productName": "Kruka Las D21cm H20cm Vegas Stor Vit",
    "price": "69,90",
    "quantity": "st",
    "quantityUnit": "g",
    "comparisonUnit": "st",
    "comparisonPrice": "69,90 kr",
    "brand": null,
    "imageUrl": "https://d2rfo6yapuixuu.cloudfront.net/h09/hd5/9399915872286/7340083474491_1552482030887_master_axfood_100",
    "category": {
      "name": "Blommor & Växter"
    },
    "preferences": null,
    "store": {
      "name": "Willys",
      "logoUrl": "https://digitalatjanster.se/wp-content/uploads/2020/04/willys-logo.png"
    },
    "discount": null
  },
  {
    "productName": "Kruka Dallas D14cm H13cm Vit",
    "price": "39,90",
    "quantity": "1st",
    "quantityUnit": "g",
    "comparisonUnit": "st",
    "comparisonPrice": "39,90 kr",
    "brand": null,
    "imageUrl": "https://d2rfo6yapuixuu.cloudfront.net/h7a/h46/8977526489118/07340083462375.jpg_1506416713200_master_axfood_100",
    "category": {
      "name": "Blommor & Växter"
    },
    "preferences": null,
    "store": {
      "name": "Willys",
      "logoUrl": "https://digitalatjanster.se/wp-content/uploads/2020/04/willys-logo.png"
    },
    "discount": null
  },
  {
    "productName": "Kruka Delphi D14cm H13cm Varmgrå",
    "price": "39,90",
    "quantity": "st",
    "quantityUnit": "g",
    "comparisonUnit": "st",
    "comparisonPrice": "39,90 kr",
    "brand": null,
    "imageUrl": "https://d2rfo6yapuixuu.cloudfront.net/h00/h08/9399918559262/7340083474460_1552482333027_master_axfood_100",
    "category": {
      "name": "Blommor & Växter"
    },
    "preferences": null,
    "store": {
      "name": "Willys",
      "logoUrl": "https://digitalatjanster.se/wp-content/uploads/2020/04/willys-logo.png"
    },
    "discount": null
  },
  {
    "productName": "Grillkol",
    "price": "43,50",
    "quantity": "2.5kg",
    "quantityUnit": "kg",
    "comparisonUnit": "kg",
    "comparisonPrice": "17,40 kr",
    "brand": "Fixa",
    "imageUrl": "https://d2rfo6yapuixuu.cloudfront.net/h15/ha4/8862412603422/07340083448874.jpg_master_axfood_100",
    "category": {
      "name": "Hem & Hushåll"
    },
    "preferences": null,
    "store": {
      "name": "Willys",
      "logoUrl": "https://digitalatjanster.se/wp-content/uploads/2020/04/willys-logo.png"
    },
    "discount": null
  },
  {
    "productName": "Grillbriketter",
    "price": "43,50",
    "quantity": "2.5kg",
    "quantityUnit": "kg",
    "comparisonUnit": "kg",
    "comparisonPrice": "17,40 kr",
    "brand": "Fixa",
    "imageUrl": "https://d2rfo6yapuixuu.cloudfront.net/h9e/h95/8862417584158/07340083448881.jpg_master_axfood_100",
    "category": {
      "name": "Hem & Hushåll"
    },
    "preferences": null,
    "store": {
      "name": "Willys",
      "logoUrl": "https://digitalatjanster.se/wp-content/uploads/2020/04/willys-logo.png"
    },
    "discount": null
  },
  {
    "productName": "Toalettpapper Vitt Mjukt",
    "price": "69,90",
    "quantity": "18-p",
    "quantityUnit": "g",
    "comparisonUnit": "kg",
    "comparisonPrice": "33,67 kr",
    "brand": "Fixa",
    "imageUrl": "https://d2rfo6yapuixuu.cloudfront.net/h7a/h83/8981534933022/07340083434389.jpg_1507039252395_master_axfood_100",
    "category": {
      "name": "Hem & Hushåll"
    },
    "preferences": null,
    "store": {
      "name": "Willys",
      "logoUrl": "https://digitalatjanster.se/wp-content/uploads/2020/04/willys-logo.png"
    },
    "discount": null
  },
  {
    "productName": "Vitt Mjukt Toalettpapper",
    "price": "26,90",
    "quantity": "6p",
    "quantityUnit": "g",
    "comparisonUnit": "kg",
    "comparisonPrice": "41,97 kr",
    "brand": "Fixa",
    "imageUrl": "https://d2rfo6yapuixuu.cloudfront.net/h3f/h31/8981535260702/07340083434426.jpg_1507039258785_master_axfood_100",
    "category": {
      "name": "Hem & Hushåll"
    },
    "preferences": null,
    "store": {
      "name": "Willys",
      "logoUrl": "https://digitalatjanster.se/wp-content/uploads/2020/04/willys-logo.png"
    },
    "discount": null
  },
  {
    "productName": "De Luxe Extra Mjukt Toalettpapper",
    "price": "33,90",
    "quantity": "6st",
    "quantityUnit": "g",
    "comparisonUnit": "kg",
    "comparisonPrice": "46,69 kr",
    "brand": "Fixa",
    "imageUrl": "https://d2rfo6yapuixuu.cloudfront.net/h35/h53/8992749387806/07340083446573.jpg_1508855117061_master_axfood_100",
    "category": {
      "name": "Hem & Hushåll"
    },
    "preferences": null,
    "store": {
      "name": "Willys",
      "logoUrl": "https://digitalatjanster.se/wp-content/uploads/2020/04/willys-logo.png"
    },
    "discount": null
  },
  {
    "productName": "Avfallspåse Vit 30l",
    "price": "19,90",
    "quantity": "25st",
    "quantityUnit": "g",
    "comparisonUnit": "st",
    "comparisonPrice": "0,80 kr",
    "brand": "Fixa",
    "imageUrl": "https://d2rfo6yapuixuu.cloudfront.net/h46/ha7/8899999334430/07340083452468.jpg_1486849837642_master_axfood_100",
    "category": {
      "name": "Hem & Hushåll"
    },
    "preferences": null,
    "store": {
      "name": "Willys",
      "logoUrl": "https://digitalatjanster.se/wp-content/uploads/2020/04/willys-logo.png"
    },
    "discount": null
  },
  {
    "productName": "Avfallspåse 30 Rosa/grå/lila 30l",
    "price": "25,90",
    "quantity": "25st",
    "quantityUnit": "g",
    "comparisonUnit": "st",
    "comparisonPrice": "1,04 kr",
    "brand": "Fixa",
    "imageUrl": "https://d2rfo6yapuixuu.cloudfront.net/h47/hc5/8931320070174/07340083452482.jpg_1495832416325_master_axfood_100",
    "category": {
      "name": "Hem & Hushåll"
    },
    "preferences": null,
    "store": {
      "name": "Willys",
      "logoUrl": "https://digitalatjanster.se/wp-content/uploads/2020/04/willys-logo.png"
    },
    "discount": null
  },
  {
    "productName": "Avfallspåse Turkos 30l",
    "price": "25,90",
    "quantity": "25st",
    "quantityUnit": "g",
    "comparisonUnit": "st",
    "comparisonPrice": "1,04 kr",
    "brand": "Fixa",
    "imageUrl": "https://d2rfo6yapuixuu.cloudfront.net/h46/hf4/8914869944350/07340083452475.jpg_1491252930185_master_axfood_100",
    "category": {
      "name": "Hem & Hushåll"
    },
    "preferences": null,
    "store": {
      "name": "Willys",
      "logoUrl": "https://digitalatjanster.se/wp-content/uploads/2020/04/willys-logo.png"
    },
    "discount": null
  },
  {
    "productName": "Sopsäck Knyt 125l",
    "price": "21,90",
    "quantity": "8p",
    "quantityUnit": "g",
    "comparisonUnit": "st",
    "comparisonPrice": "2,74 kr",
    "brand": "Fixa",
    "imageUrl": "https://d2rfo6yapuixuu.cloudfront.net/hd2/h43/8891202076702/07340083452512.jpg_1484236216473_master_axfood_100",
    "category": {
      "name": "Hem & Hushåll"
    },
    "preferences": null,
    "store": {
      "name": "Willys",
      "logoUrl": "https://digitalatjanster.se/wp-content/uploads/2020/04/willys-logo.png"
    },
    "discount": null
  },
  {
    "productName": "Sopsäck Extra Stark 240l",
    "price": "39,90",
    "quantity": "8p",
    "quantityUnit": "g",
    "comparisonUnit": "st",
    "comparisonPrice": "4,99 kr",
    "brand": "Fixa",
    "imageUrl": "https://d2rfo6yapuixuu.cloudfront.net/hd4/hf8/8891200962590/07340083452505.jpg_1484235313531_master_axfood_100",
    "category": {
      "name": "Hem & Hushåll"
    },
    "preferences": null,
    "store": {
      "name": "Willys",
      "logoUrl": "https://digitalatjanster.se/wp-content/uploads/2020/04/willys-logo.png"
    },
    "discount": null
  },
  {
    "productName": "Sopsäck Transparant Knythandtag",
    "price": "22,90",
    "quantity": "8p",
    "quantityUnit": "g",
    "comparisonUnit": "st",
    "comparisonPrice": "2,86 kr",
    "brand": "Fixa",
    "imageUrl": "https://d2rfo6yapuixuu.cloudfront.net/h3e/h1c/9210972602398/7340083467561_1535028067252_master_axfood_100",
    "category": {
      "name": "Hem & Hushåll"
    },
    "preferences": null,
    "store": {
      "name": "Willys",
      "logoUrl": "https://digitalatjanster.se/wp-content/uploads/2020/04/willys-logo.png"
    },
    "discount": null
  },
  {
    "productName": "Natur Toalettpapper",
    "price": "55,90",
    "quantity": "16p",
    "quantityUnit": "g",
    "comparisonUnit": "kg",
    "comparisonPrice": "26,14 kr",
    "brand": "Fixa",
    "imageUrl": "https://d2rfo6yapuixuu.cloudfront.net/h0e/hb5/8986449608734/07340083440694.jpg_1507796441646_master_axfood_100",
    "category": {
      "name": "Hem & Hushåll"
    },
    "preferences": null,
    "store": {
      "name": "Willys",
      "logoUrl": "https://digitalatjanster.se/wp-content/uploads/2020/04/willys-logo.png"
    },
    "discount": null
  },
  {
    "productName": "Natur Toalettpapper",
    "price": "29,90",
    "quantity": "8p",
    "quantityUnit": "g",
    "comparisonUnit": "kg",
    "comparisonPrice": "27,97 kr",
    "brand": "Fixa",
    "imageUrl": "https://d2rfo6yapuixuu.cloudfront.net/h43/ha8/8986449281054/07340083434419.jpg_1507796436378_master_axfood_100",
    "category": {
      "name": "Hem & Hushåll"
    },
    "preferences": null,
    "store": {
      "name": "Willys",
      "logoUrl": "https://digitalatjanster.se/wp-content/uploads/2020/04/willys-logo.png"
    },
    "discount": null
  },
  {
    "productName": "Extra Långt Toalettpapper",
    "price": "27,90",
    "quantity": "4p",
    "quantityUnit": "g",
    "comparisonUnit": "kg",
    "comparisonPrice": "29,09 kr",
    "brand": "Fixa",
    "imageUrl": "https://d2rfo6yapuixuu.cloudfront.net/ha3/h81/8984359370782/07340083434402.jpg_1507541727889_master_axfood_100",
    "category": {
      "name": "Hem & Hushåll"
    },
    "preferences": null,
    "store": {
      "name": "Willys",
      "logoUrl": "https://digitalatjanster.se/wp-content/uploads/2020/04/willys-logo.png"
    },
    "discount": null
  },
  {
    "productName": "Toalettpapper Miljöval Toalettpapper",
    "price": "63,50",
    "quantity": "12p",
    "quantityUnit": "g",
    "comparisonUnit": "kg",
    "comparisonPrice": "31,88 kr",
    "brand": "Serla",
    "imageUrl": "https://d2rfo6yapuixuu.cloudfront.net/hab/h9e/11042891137054/6414301028238_1610620258810_master_axfood_100",
    "category": {
      "name": "Hem & Hushåll"
    },
    "preferences": null,
    "store": {
      "name": "Willys",
      "logoUrl": "https://digitalatjanster.se/wp-content/uploads/2020/04/willys-logo.png"
    },
    "discount": null
  },
  {
    "productName": "Miljöval Toalettpapper",
    "price": "31,90",
    "quantity": "6p",
    "quantityUnit": "g",
    "comparisonUnit": "kg",
    "comparisonPrice": "32,03 kr",
    "brand": "Serla",
    "imageUrl": "https://d2rfo6yapuixuu.cloudfront.net/h4b/h4e/11042853912606/6414301028184_1610619946660_master_axfood_100",
    "category": {
      "name": "Hem & Hushåll"
    },
    "preferences": null,
    "store": {
      "name": "Willys",
      "logoUrl": "https://digitalatjanster.se/wp-content/uploads/2020/04/willys-logo.png"
    },
    "discount": null
  },
  {
    "productName": "Hushållspapper",
    "price": "52,90",
    "quantity": "8p",
    "quantityUnit": "g",
    "comparisonUnit": "kg",
    "comparisonPrice": "43,50 kr",
    "brand": "Fixa",
    "imageUrl": "https://d2rfo6yapuixuu.cloudfront.net/hfc/h18/9062685081630/07340083463969.jpg_1517867431797_master_axfood_100",
    "category": {
      "name": "Hem & Hushåll"
    },
    "preferences": null,
    "store": {
      "name": "Willys",
      "logoUrl": "https://digitalatjanster.se/wp-content/uploads/2020/04/willys-logo.png"
    },
    "discount": null
  },
  {
    "productName": "Toalettpapper Classic Soft&strong",
    "price": "50,90",
    "quantity": "12st",
    "quantityUnit": "g",
    "comparisonUnit": "kg",
    "comparisonPrice": "43,73 kr",
    "brand": "Lambi",
    "imageUrl": "https://d2rfo6yapuixuu.cloudfront.net/h13/h6e/11136640647198/6414301054060_1612134644362_master_axfood_100",
    "category": {
      "name": "Hem & Hushåll"
    },
    "preferences": null,
    "store": {
      "name": "Willys",
      "logoUrl": "https://digitalatjanster.se/wp-content/uploads/2020/04/willys-logo.png"
    },
    "discount": null
  },
  {
    "productName": "Vitt Hushållspapper",
    "price": "28,90",
    "quantity": "4p",
    "quantityUnit": "g",
    "comparisonUnit": "kg",
    "comparisonPrice": "44,32 kr",
    "brand": "Fixa",
    "imageUrl": "https://d2rfo6yapuixuu.cloudfront.net/h30/h0c/9062685409310/07340083463976.jpg_1517867433773_master_axfood_100",
    "category": {
      "name": "Hem & Hushåll"
    },
    "preferences": null,
    "store": {
      "name": "Willys",
      "logoUrl": "https://digitalatjanster.se/wp-content/uploads/2020/04/willys-logo.png"
    },
    "discount": null
  },
  {
    "productName": "Classic Soft&strong Toalettpapper",
    "price": "66,90",
    "quantity": "16st",
    "quantityUnit": "g",
    "comparisonUnit": "kg",
    "comparisonPrice": "43,10 kr",
    "brand": "Lambi",
    "imageUrl": "https://d2rfo6yapuixuu.cloudfront.net/h07/h1b/11139970957342/6414301055531_1612189558406_master_axfood_100",
    "category": {
      "name": "Hem & Hushåll"
    },
    "preferences": null,
    "store": {
      "name": "Willys",
      "logoUrl": "https://digitalatjanster.se/wp-content/uploads/2020/04/willys-logo.png"
    },
    "discount": {
      "discountType": "GENERAL",
      "quantityToBeBought": 1,
      "displayPrice": "66,90 kr",
      "savings": 12,
      "percentageSavings": 18,
      "isMemberDiscount": false
    }
  },
  {
    "productName": "Ansiktsservett",
    "price": "15,90",
    "quantity": "150st",
    "quantityUnit": "g",
    "comparisonUnit": "st",
    "comparisonPrice": "0,11 kr",
    "brand": "Eldorado",
    "imageUrl": "https://d2rfo6yapuixuu.cloudfront.net/h88/h90/8856511578142/7340083401633.jpg_master_axfood_100",
    "category": {
      "name": "Skönhet & Hälsa"
    },
    "preferences": null,
    "store": {
      "name": "Willys",
      "logoUrl": "https://digitalatjanster.se/wp-content/uploads/2020/04/willys-logo.png"
    },
    "discount": null
  },
  {
    "productName": "Bomullspads Ekologisk",
    "price": "12,90",
    "quantity": "70st",
    "quantityUnit": "g",
    "comparisonUnit": "st",
    "comparisonPrice": "0,18 kr",
    "brand": "Såklart",
    "imageUrl": "https://d2rfo6yapuixuu.cloudfront.net/h61/hb5/9230319648798/7340083462474_1537045229845_master_axfood_100",
    "category": {
      "name": "Skönhet & Hälsa"
    },
    "preferences": null,
    "store": {
      "name": "Willys",
      "logoUrl": "https://digitalatjanster.se/wp-content/uploads/2020/04/willys-logo.png"
    },
    "discount": null
  },
  {
    "productName": "Bomullspinnar Ekologisk",
    "price": "13,90",
    "quantity": "200st",
    "quantityUnit": "g",
    "comparisonUnit": "st",
    "comparisonPrice": "0,07 kr",
    "brand": "Såklart",
    "imageUrl": "https://d2rfo6yapuixuu.cloudfront.net/hd1/haa/9230319976478/7340083462528_1537045232787_master_axfood_100",
    "category": {
      "name": "Skönhet & Hälsa"
    },
    "preferences": null,
    "store": {
      "name": "Willys",
      "logoUrl": "https://digitalatjanster.se/wp-content/uploads/2020/04/willys-logo.png"
    },
    "discount": null
  },
  {
    "productName": "Active Citrus Brustablett Vätskeersättning",
    "price": "29,90",
    "quantity": "20st",
    "quantityUnit": "g",
    "comparisonUnit": "st",
    "comparisonPrice": "1,50 kr",
    "brand": "Vitaminpro",
    "imageUrl": "https://d2rfo6yapuixuu.cloudfront.net/h62/h02/11278383906846/7350021423825_1614334240029_master_axfood_100",
    "category": {
      "name": "Skönhet & Hälsa"
    },
    "preferences": null,
    "store": {
      "name": "Willys",
      "logoUrl": "https://digitalatjanster.se/wp-content/uploads/2020/04/willys-logo.png"
    },
    "discount": null
  },
  {
    "productName": "Samarin Fruktsalt",
    "price": "37,50",
    "quantity": "36p",
    "quantityUnit": "g",
    "comparisonUnit": "st",
    "comparisonPrice": "1,04 kr",
    "brand": "Samarin",
    "imageUrl": "https://d2rfo6yapuixuu.cloudfront.net/he7/h18/8854307536926/7310610010256.jpg_master_axfood_100",
    "category": {
      "name": "Skönhet & Hälsa"
    },
    "preferences": null,
    "store": {
      "name": "Willys",
      "logoUrl": "https://digitalatjanster.se/wp-content/uploads/2020/04/willys-logo.png"
    },
    "discount": null
  },
  {
    "productName": "Multivitamin Fruitmix Brustablett",
    "price": "18,90",
    "quantity": "20st",
    "quantityUnit": "g",
    "comparisonUnit": "st",
    "comparisonPrice": "0,95 kr",
    "brand": "Multiplex",
    "imageUrl": "https://d2rfo6yapuixuu.cloudfront.net/h3f/h55/11722701766686/7310612241153_1621975242112_master_axfood_100",
    "category": {
      "name": "Skönhet & Hälsa"
    },
    "preferences": null,
    "store": {
      "name": "Willys",
      "logoUrl": "https://digitalatjanster.se/wp-content/uploads/2020/04/willys-logo.png"
    },
    "discount": null
  },
  {
    "productName": "Soft Mint Munskölj",
    "price": "97,90",
    "quantity": "1l",
    "quantityUnit": "g",
    "comparisonUnit": "l",
    "comparisonPrice": "97,90 kr",
    "brand": "Flux",
    "imageUrl": "https://d2rfo6yapuixuu.cloudfront.net/h5d/h36/8857797754910/05708657221353.jpg_master_axfood_100",
    "category": {
      "name": "Skönhet & Hälsa"
    },
    "preferences": null,
    "store": {
      "name": "Willys",
      "logoUrl": "https://digitalatjanster.se/wp-content/uploads/2020/04/willys-logo.png"
    },
    "discount": null
  },
  {
    "productName": "Soft Mint Munskölj",
    "price": "58,90",
    "quantity": "500ml",
    "quantityUnit": "g",
    "comparisonUnit": "l",
    "comparisonPrice": "117,80 kr",
    "brand": "Flux",
    "imageUrl": "https://d2rfo6yapuixuu.cloudfront.net/h5d/h10/10532406460446/5708657221346_1600761943609_master_axfood_100",
    "category": {
      "name": "Skönhet & Hälsa"
    },
    "preferences": null,
    "store": {
      "name": "Willys",
      "logoUrl": "https://digitalatjanster.se/wp-content/uploads/2020/04/willys-logo.png"
    },
    "discount": null
  },
  {
    "productName": "Strongmint Munskölj",
    "price": "58,90",
    "quantity": "500ml",
    "quantityUnit": "g",
    "comparisonUnit": "l",
    "comparisonPrice": "117,80 kr",
    "brand": "Flux",
    "imageUrl": "https://d2rfo6yapuixuu.cloudfront.net/ha7/h39/9660353544222/5708657221766_1572963630694_master_axfood_100",
    "category": {
      "name": "Skönhet & Hälsa"
    },
    "preferences": null,
    "store": {
      "name": "Willys",
      "logoUrl": "https://digitalatjanster.se/wp-content/uploads/2020/04/willys-logo.png"
    },
    "discount": null
  },
  {
    "productName": "Junior Hallon Munskölj",
    "price": "58,90",
    "quantity": "500ml",
    "quantityUnit": "g",
    "comparisonUnit": "l",
    "comparisonPrice": "117,80 kr",
    "brand": "Flux",
    "imageUrl": "https://d2rfo6yapuixuu.cloudfront.net/hdd/hc1/10533467389982/5708657221360_1600776342609_master_axfood_100",
    "category": {
      "name": "Skönhet & Hälsa"
    },
    "preferences": null,
    "store": {
      "name": "Willys",
      "logoUrl": "https://digitalatjanster.se/wp-content/uploads/2020/04/willys-logo.png"
    },
    "discount": null
  },
  {
    "productName": "Granate/mint Mot Karies Munskölj",
    "price": "58,90",
    "quantity": "500ml",
    "quantityUnit": "g",
    "comparisonUnit": "l",
    "comparisonPrice": "117,80 kr",
    "brand": "Flux",
    "imageUrl": "https://d2rfo6yapuixuu.cloudfront.net/h0b/h91/9851583889438/5714372002689_1582010135527_master_axfood_100",
    "category": {
      "name": "Skönhet & Hälsa"
    },
    "preferences": null,
    "store": {
      "name": "Willys",
      "logoUrl": "https://digitalatjanster.se/wp-content/uploads/2020/04/willys-logo.png"
    },
    "discount": null
  },
  {
    "productName": "Large Trosskydd",
    "price": "16,90",
    "quantity": "30st",
    "quantityUnit": "g",
    "comparisonUnit": "st",
    "comparisonPrice": "0,56 kr",
    "brand": "Intuition",
    "imageUrl": "https://d2rfo6yapuixuu.cloudfront.net/h83/h17/10495942426654/7340083483141_1599748826247_master_axfood_100",
    "category": {
      "name": "Skönhet & Hälsa"
    },
    "preferences": null,
    "store": {
      "name": "Willys",
      "logoUrl": "https://digitalatjanster.se/wp-content/uploads/2020/04/willys-logo.png"
    },
    "discount": null
  },
  {
    "productName": "Normal Trosskydd",
    "price": "16,90",
    "quantity": "30st",
    "quantityUnit": "g",
    "comparisonUnit": "st",
    "comparisonPrice": "0,56 kr",
    "brand": "Intuition",
    "imageUrl": "https://d2rfo6yapuixuu.cloudfront.net/ha4/h0a/10495942098974/7340083483134_1599748824709_master_axfood_100",
    "category": {
      "name": "Skönhet & Hälsa"
    },
    "preferences": null,
    "store": {
      "name": "Willys",
      "logoUrl": "https://digitalatjanster.se/wp-content/uploads/2020/04/willys-logo.png"
    },
    "discount": null
  },
  {
    "productName": "Hallon Vätskeersättning",
    "price": "19,90",
    "quantity": "20st",
    "quantityUnit": "g",
    "comparisonUnit": "st",
    "comparisonPrice": "1,00 kr",
    "brand": "Vitaminpro",
    "imageUrl": "https://d2rfo6yapuixuu.cloudfront.net/h0a/hac/9893789663262/7350021423054_1583617548649_master_axfood_100",
    "category": {
      "name": "Skönhet & Hälsa"
    },
    "preferences": null,
    "store": {
      "name": "Willys",
      "logoUrl": "https://digitalatjanster.se/wp-content/uploads/2020/04/willys-logo.png"
    },
    "discount": null
  },
  {
    "productName": "Omega 3",
    "price": "109,00",
    "quantity": "160st",
    "quantityUnit": "g",
    "comparisonUnit": "st",
    "comparisonPrice": "0,68 kr",
    "brand": "Biosalma",
    "imageUrl": "https://d2rfo6yapuixuu.cloudfront.net/hcf/h07/10399293472798/7350014910189_1597352269063_master_axfood_100",
    "category": {
      "name": "Skönhet & Hälsa"
    },
    "preferences": null,
    "store": {
      "name": "Willys",
      "logoUrl": "https://digitalatjanster.se/wp-content/uploads/2020/04/willys-logo.png"
    },
    "discount": null
  },
  {
    "productName": "Deeply Nourishing Duschgel",
    "price": "25,90",
    "quantity": "450ml",
    "quantityUnit": "g",
    "comparisonUnit": "l",
    "comparisonPrice": "57,55 kr",
    "brand": "Dove",
    "imageUrl": "https://d2rfo6yapuixuu.cloudfront.net/h86/h80/9847286956062/8717163742815_1581807179523_master_axfood_100",
    "category": {
      "name": "Skönhet & Hälsa"
    },
    "preferences": null,
    "store": {
      "name": "Willys",
      "logoUrl": "https://digitalatjanster.se/wp-content/uploads/2020/04/willys-logo.png"
    },
    "discount": null
  },
  {
    "productName": "Refreshing Cucumber&green Tea Duschgel",
    "price": "25,90",
    "quantity": "450ml",
    "quantityUnit": "g",
    "comparisonUnit": "l",
    "comparisonPrice": "57,55 kr",
    "brand": "Dove",
    "imageUrl": "https://d2rfo6yapuixuu.cloudfront.net/h72/hfa/9847269261342/8710847936555_1581806787420_master_axfood_100",
    "category": {
      "name": "Skönhet & Hälsa"
    },
    "preferences": null,
    "store": {
      "name": "Willys",
      "logoUrl": "https://digitalatjanster.se/wp-content/uploads/2020/04/willys-logo.png"
    },
    "discount": null
  },
  {
    "productName": "Reviving Pomegranate&hibiscus Duschgel",
    "price": "25,90",
    "quantity": "450ml",
    "quantityUnit": "g",
    "comparisonUnit": "l",
    "comparisonPrice": "57,55 kr",
    "brand": "Dove",
    "imageUrl": "https://d2rfo6yapuixuu.cloudfront.net/h11/hbd/9847289970718/8717163762059_1581807366962_master_axfood_100",
    "category": {
      "name": "Skönhet & Hälsa"
    },
    "preferences": null,
    "store": {
      "name": "Willys",
      "logoUrl": "https://digitalatjanster.se/wp-content/uploads/2020/04/willys-logo.png"
    },
    "discount": null
  },
  {
    "productName": "Sesamkakor",
    "price": "4,90",
    "quantity": "40g",
    "quantityUnit": "g",
    "comparisonUnit": "kg",
    "comparisonPrice": "122,50 kr",
    "brand": "Garant",
    "imageUrl": "https://d2rfo6yapuixuu.cloudfront.net/ha7/hc5/9886111105054/7340083402319_1583337336683_master_axfood_100",
    "category": {
      "name": "Skönhet & Hälsa"
    },
    "preferences": null,
    "store": {
      "name": "Willys",
      "logoUrl": "https://digitalatjanster.se/wp-content/uploads/2020/04/willys-logo.png"
    },
    "discount": null
  },
  {
    "productName": "Original Olive Oil Tvål",
    "price": "19,90",
    "quantity": "4x90g",
    "quantityUnit": "g",
    "comparisonUnit": "kg",
    "comparisonPrice": "55,28 kr",
    "brand": "Palmolive",
    "imageUrl": "https://d2rfo6yapuixuu.cloudfront.net/hd9/hb4/8856354357278/08714789703015.jpg_master_axfood_100",
    "category": {
      "name": "Skönhet & Hälsa"
    },
    "preferences": null,
    "store": {
      "name": "Willys",
      "logoUrl": "https://digitalatjanster.se/wp-content/uploads/2020/04/willys-logo.png"
    },
    "discount": null
  },
  {
    "productName": "Nasin Nässpray 0.5mg/ml För Vuxna",
    "price": "24,90",
    "quantity": "7.5ml",
    "quantityUnit": "g",
    "comparisonUnit": "l",
    "comparisonPrice": "3 112,50 kr",
    "brand": "Nasin",
    "imageUrl": "https://d2rfo6yapuixuu.cloudfront.net/h1a/h49/8855667081246/07046260884922.jpg_master_axfood_100",
    "category": {
      "name": "Övrigt"
    },
    "preferences": null,
    "store": {
      "name": "Willys",
      "logoUrl": "https://digitalatjanster.se/wp-content/uploads/2020/04/willys-logo.png"
    },
    "discount": null
  },
  {
    "productName": "Nasoferm 1mg/ml Nässpray",
    "price": "25,50",
    "quantity": "10ml",
    "quantityUnit": "g",
    "comparisonUnit": "l",
    "comparisonPrice": "2 550,00 kr",
    "brand": "Nasoferm",
    "imageUrl": "https://d2rfo6yapuixuu.cloudfront.net/h5d/h9a/8856796200990/07319905019653.jpg_master_axfood_100",
    "category": {
      "name": "Övrigt"
    },
    "preferences": null,
    "store": {
      "name": "Willys",
      "logoUrl": "https://digitalatjanster.se/wp-content/uploads/2020/04/willys-logo.png"
    },
    "discount": null
  },
  {
    "productName": "Ibumetin 400mg Ibuprofen Vid Värk & Feber",
    "price": "24,90",
    "quantity": "30p",
    "quantityUnit": "g",
    "comparisonUnit": "st",
    "comparisonPrice": "0,83 kr",
    "brand": "Ibumetin",
    "imageUrl": "https://d2rfo6yapuixuu.cloudfront.net/hb3/hcb/9405908779038/7046264739679_1552992653702_master_axfood_100",
    "category": {
      "name": "Övrigt"
    },
    "preferences": null,
    "store": {
      "name": "Willys",
      "logoUrl": "https://digitalatjanster.se/wp-content/uploads/2020/04/willys-logo.png"
    },
    "discount": null
  },
  {
    "productName": "Munskydd",
    "price": "39,90",
    "quantity": "10st",
    "quantityUnit": "g",
    "comparisonUnit": "st",
    "comparisonPrice": "3,99 kr",
    "brand": "Graid",
    "imageUrl": "https://d2rfo6yapuixuu.cloudfront.net/hc5/ha6/10353417027614/5706636565924_1596110458922_master_axfood_100",
    "category": {
      "name": "Övrigt"
    },
    "preferences": null,
    "store": {
      "name": "Willys",
      "logoUrl": "https://digitalatjanster.se/wp-content/uploads/2020/04/willys-logo.png"
    },
    "discount": null
  },
  {
    "productName": "Novalucol Mot Halsbränna Tuggtabletter",
    "price": "38,50",
    "quantity": "30p",
    "quantityUnit": "g",
    "comparisonUnit": "st",
    "comparisonPrice": "1,28 kr",
    "brand": "Novalucol",
    "imageUrl": "https://d2rfo6yapuixuu.cloudfront.net/hd8/he4/8855680712734/07046264782224.jpg_master_axfood_100",
    "category": {
      "name": "Övrigt"
    },
    "preferences": null,
    "store": {
      "name": "Willys",
      "logoUrl": "https://digitalatjanster.se/wp-content/uploads/2020/04/willys-logo.png"
    },
    "discount": null
  },
  {
    "productName": "Hand- Desinfektion 85vol%",
    "price": "19,90",
    "quantity": "100ml",
    "quantityUnit": "g",
    "comparisonUnit": "l",
    "comparisonPrice": "199,00 kr",
    "brand": "Eldorado",
    "imageUrl": "https://d2rfo6yapuixuu.cloudfront.net/hfc/h63/11162483195934/7340083487156_1612474836288_master_axfood_100",
    "category": {
      "name": "Övrigt"
    },
    "preferences": null,
    "store": {
      "name": "Willys",
      "logoUrl": "https://digitalatjanster.se/wp-content/uploads/2020/04/willys-logo.png"
    },
    "discount": null
  },
  {
    "productName": "Nasonex 50mg Vid Allergi",
    "price": "114,00",
    "quantity": "1p",
    "quantityUnit": "g",
    "comparisonUnit": "st",
    "comparisonPrice": "114,00 kr",
    "brand": "Nasonex",
    "imageUrl": "https://d2rfo6yapuixuu.cloudfront.net/h9f/hee/9356995756062/7046260234963_1549057839541_master_axfood_100",
    "category": {
      "name": "Övrigt"
    },
    "preferences": null,
    "store": {
      "name": "Willys",
      "logoUrl": "https://digitalatjanster.se/wp-content/uploads/2020/04/willys-logo.png"
    },
    "discount": null
  },
  {
    "productName": "Otrivin Nässpray Vuxna",
    "price": "39,50",
    "quantity": "10ml",
    "quantityUnit": "g",
    "comparisonUnit": "l",
    "comparisonPrice": "3 950,00 kr",
    "brand": "Otrivin",
    "imageUrl": "https://d2rfo6yapuixuu.cloudfront.net/h65/h14/9955085221918/7046264397947_1585663846807_master_axfood_100",
    "category": {
      "name": "Övrigt"
    },
    "preferences": null,
    "store": {
      "name": "Willys",
      "logoUrl": "https://digitalatjanster.se/wp-content/uploads/2020/04/willys-logo.png"
    },
    "discount": null
  },
  {
    "productName": "Menthol Nässpray Vuxna",
    "price": "49,90",
    "quantity": "10ml",
    "quantityUnit": "g",
    "comparisonUnit": "l",
    "comparisonPrice": "4 990,00 kr",
    "brand": "Otrivin",
    "imageUrl": "https://d2rfo6yapuixuu.cloudfront.net/h4b/hcc/9955105603614/7046261805391_1585664151857_master_axfood_100",
    "category": {
      "name": "Övrigt"
    },
    "preferences": null,
    "store": {
      "name": "Willys",
      "logoUrl": "https://digitalatjanster.se/wp-content/uploads/2020/04/willys-logo.png"
    },
    "discount": null
  },
  {
    "productName": "Otrivin Comp 0,5/+0,6mg Nässpray",
    "price": "54,90",
    "quantity": "10ml",
    "quantityUnit": "g",
    "comparisonUnit": "l",
    "comparisonPrice": "5 490,00 kr",
    "brand": "Otrivin",
    "imageUrl": "https://d2rfo6yapuixuu.cloudfront.net/h32/h6a/9955104882718/7046261411530_1585664148191_master_axfood_100",
    "category": {
      "name": "Övrigt"
    },
    "preferences": null,
    "store": {
      "name": "Willys",
      "logoUrl": "https://digitalatjanster.se/wp-content/uploads/2020/04/willys-logo.png"
    },
    "discount": null
  },
  {
    "productName": "Otrinex Nässpray",
    "price": "49,90",
    "quantity": "10ml",
    "quantityUnit": "g",
    "comparisonUnit": "l",
    "comparisonPrice": "4 990,00 kr",
    "brand": "Otrivin",
    "imageUrl": "https://d2rfo6yapuixuu.cloudfront.net/h6b/hbf/9955105275934/7046261749428_1585664149989_master_axfood_100",
    "category": {
      "name": "Övrigt"
    },
    "preferences": null,
    "store": {
      "name": "Willys",
      "logoUrl": "https://digitalatjanster.se/wp-content/uploads/2020/04/willys-logo.png"
    },
    "discount": null
  },
  {
    "productName": "Nässpray 0,5mg/ml Barn 1-12 År",
    "price": "38,90",
    "quantity": "10ml",
    "quantityUnit": "g",
    "comparisonUnit": "l",
    "comparisonPrice": "3 890,00 kr",
    "brand": "Otrivin",
    "imageUrl": "https://d2rfo6yapuixuu.cloudfront.net/ha3/h5f/9955104555038/7046260053366_1585664146237_master_axfood_100",
    "category": {
      "name": "Övrigt"
    },
    "preferences": null,
    "store": {
      "name": "Willys",
      "logoUrl": "https://digitalatjanster.se/wp-content/uploads/2020/04/willys-logo.png"
    },
    "discount": null
  },
  {
    "productName": "Graviditets- Test Digital",
    "price": "92,90",
    "quantity": "1st",
    "quantityUnit": "g",
    "comparisonUnit": "st",
    "comparisonPrice": "92,90 kr",
    "brand": "Clearblue",
    "imageUrl": "https://d2rfo6yapuixuu.cloudfront.net/h55/h4f/9451115741214/4084500896154_1556617830956_master_axfood_100",
    "category": {
      "name": "Övrigt"
    },
    "preferences": null,
    "store": {
      "name": "Willys",
      "logoUrl": "https://digitalatjanster.se/wp-content/uploads/2020/04/willys-logo.png"
    },
    "discount": null
  },
  {
    "productName": "Kestine 10mg Ebastin Allergitablett",
    "price": "52,90",
    "quantity": "10p",
    "quantityUnit": "g",
    "comparisonUnit": "st",
    "comparisonPrice": "5,29 kr",
    "brand": "Kestine",
    "imageUrl": "https://d2rfo6yapuixuu.cloudfront.net/h32/hff/8855842717726/07046260087002.jpg_master_axfood_100",
    "category": {
      "name": "Övrigt"
    },
    "preferences": null,
    "store": {
      "name": "Willys",
      "logoUrl": "https://digitalatjanster.se/wp-content/uploads/2020/04/willys-logo.png"
    },
    "discount": null
  },
  {
    "productName": "Salubrin Koncentrerad Lösning Desinfektion",
    "price": "24,90",
    "quantity": "75ml",
    "quantityUnit": "g",
    "comparisonUnit": "l",
    "comparisonPrice": "332,00 kr",
    "brand": "Salubrin",
    "imageUrl": "https://d2rfo6yapuixuu.cloudfront.net/h76/h22/11630537113630/7310155100160_1620218121369_master_axfood_100",
    "category": {
      "name": "Övrigt"
    },
    "preferences": null,
    "store": {
      "name": "Willys",
      "logoUrl": "https://digitalatjanster.se/wp-content/uploads/2020/04/willys-logo.png"
    },
    "discount": null
  },
  {
    "productName": "Treo Original Brustabletter",
    "price": "39,20",
    "quantity": "20p",
    "quantityUnit": "g",
    "comparisonUnit": "st",
    "comparisonPrice": "1,96 kr",
    "brand": "Treo",
    "imageUrl": "https://d2rfo6yapuixuu.cloudfront.net/he2/h0b/9160884027422/7046264617946_1529916037547_master_axfood_100",
    "category": {
      "name": "Övrigt"
    },
    "preferences": null,
    "store": {
      "name": "Willys",
      "logoUrl": "https://digitalatjanster.se/wp-content/uploads/2020/04/willys-logo.png"
    },
    "discount": null
  },
  {
    "productName": "Treo Hallon Brustablett",
    "price": "39,20",
    "quantity": "20st",
    "quantityUnit": "g",
    "comparisonUnit": "st",
    "comparisonPrice": "1,96 kr",
    "brand": "Treo",
    "imageUrl": "https://d2rfo6yapuixuu.cloudfront.net/hbe/hc4/9402736738334/7046261884068_1552683667637_master_axfood_100",
    "category": {
      "name": "Övrigt"
    },
    "preferences": null,
    "store": {
      "name": "Willys",
      "logoUrl": "https://digitalatjanster.se/wp-content/uploads/2020/04/willys-logo.png"
    },
    "discount": null
  },
  {
    "productName": "Treo Citrus Brustabletter",
    "price": "39,20",
    "quantity": "20p",
    "quantityUnit": "g",
    "comparisonUnit": "st",
    "comparisonPrice": "1,96 kr",
    "brand": "Treo",
    "imageUrl": "https://d2rfo6yapuixuu.cloudfront.net/h72/h16/9160884355102/7046265901396_1529916040447_master_axfood_100",
    "category": {
      "name": "Övrigt"
    },
    "preferences": null,
    "store": {
      "name": "Willys",
      "logoUrl": "https://digitalatjanster.se/wp-content/uploads/2020/04/willys-logo.png"
    },
    "discount": null
  },
  {
    "productName": "Ipren 400mg",
    "price": "45,80",
    "quantity": "30p",
    "quantityUnit": "g",
    "comparisonUnit": "st",
    "comparisonPrice": "1,53 kr",
    "brand": "Ipren",
    "imageUrl": "https://d2rfo6yapuixuu.cloudfront.net/he3/hdd/9119422480414/7046260885349_1524661542292_master_axfood_100",
    "category": {
      "name": "Övrigt"
    },
    "preferences": null,
    "store": {
      "name": "Willys",
      "logoUrl": "https://digitalatjanster.se/wp-content/uploads/2020/04/willys-logo.png"
    },
    "discount": null
  },
  {
    "productName": "Iprensa Mjuka Kapslar Ibuprofen 400mg",
    "price": "49,90",
    "quantity": "20st",
    "quantityUnit": "g",
    "comparisonUnit": "st",
    "comparisonPrice": "2,50 kr",
    "brand": "Ipren",
    "imageUrl": "https://d2rfo6yapuixuu.cloudfront.net/hb9/h5d/9119446106142/3574661276151_1524662148722_master_axfood_100",
    "category": {
      "name": "Övrigt"
    },
    "preferences": null,
    "store": {
      "name": "Willys",
      "logoUrl": "https://digitalatjanster.se/wp-content/uploads/2020/04/willys-logo.png"
    },
    "discount": null
  },
  {
    "productName": "Sensations Sauces Countryside i Sås",
    "price": "44,90",
    "quantity": "12p",
    "quantityUnit": "g",
    "comparisonUnit": "kg",
    "comparisonPrice": "44,02 kr",
    "brand": "Latz",
    "imageUrl": "https://d2rfo6yapuixuu.cloudfront.net/h17/h1c/11411915997214/7613039846964_1616517348312_master_axfood_100",
    "category": {
      "name": "Husdjur"
    },
    "preferences": null,
    "store": {
      "name": "Willys",
      "logoUrl": "https://digitalatjanster.se/wp-content/uploads/2020/04/willys-logo.png"
    },
    "discount": null
  },
  {
    "productName": "Original Mixed Selection i Gelé",
    "price": "44,90",
    "quantity": "12p",
    "quantityUnit": "g",
    "comparisonUnit": "kg",
    "comparisonPrice": "44,02 kr",
    "brand": "Latz",
    "imageUrl": "https://d2rfo6yapuixuu.cloudfront.net/hfb/hc0/11411894501406/7613039825709_1616517042734_master_axfood_100",
    "category": {
      "name": "Husdjur"
    },
    "preferences": null,
    "store": {
      "name": "Willys",
      "logoUrl": "https://digitalatjanster.se/wp-content/uploads/2020/04/willys-logo.png"
    },
    "discount": null
  },
  {
    "productName": "Agail Countryside Selectio i Gelé",
    "price": "44,90",
    "quantity": "12p",
    "quantityUnit": "g",
    "comparisonUnit": "kg",
    "comparisonPrice": "44,02 kr",
    "brand": "Latz",
    "imageUrl": "https://d2rfo6yapuixuu.cloudfront.net/h43/ha1/11411860291614/7613039758403_1616516434809_master_axfood_100",
    "category": {
      "name": "Husdjur"
    },
    "preferences": null,
    "store": {
      "name": "Willys",
      "logoUrl": "https://digitalatjanster.se/wp-content/uploads/2020/04/willys-logo.png"
    },
    "discount": null
  },
  {
    "productName": "Sensations Crunchy Fish i Gelé",
    "price": "44,90",
    "quantity": "10p",
    "quantityUnit": "g",
    "comparisonUnit": "kg",
    "comparisonPrice": "50,45 kr",
    "brand": "Latz",
    "imageUrl": "https://d2rfo6yapuixuu.cloudfront.net/h36/h83/11411919536158/7613039916926_1616517364788_master_axfood_100",
    "category": {
      "name": "Husdjur"
    },
    "preferences": null,
    "store": {
      "name": "Willys",
      "logoUrl": "https://digitalatjanster.se/wp-content/uploads/2020/04/willys-logo.png"
    },
    "discount": null
  },
  {
    "productName": "Agail Mixed Selection i Gelé",
    "price": "44,90",
    "quantity": "12p",
    "quantityUnit": "g",
    "comparisonUnit": "kg",
    "comparisonPrice": "44,02 kr",
    "brand": "Latz",
    "imageUrl": "https://d2rfo6yapuixuu.cloudfront.net/h9c/hf6/11411918290974/7613039847848_1616517359662_master_axfood_100",
    "category": {
      "name": "Husdjur"
    },
    "preferences": null,
    "store": {
      "name": "Willys",
      "logoUrl": "https://digitalatjanster.se/wp-content/uploads/2020/04/willys-logo.png"
    },
    "discount": null
  },
  {
    "productName": "Sensation Jellie Mix Selection i Gelé",
    "price": "44,90",
    "quantity": "12p",
    "quantityUnit": "g",
    "comparisonUnit": "kg",
    "comparisonPrice": "44,02 kr",
    "brand": "Latz",
    "imageUrl": "https://d2rfo6yapuixuu.cloudfront.net/h28/hb7/11411917963294/7613039847657_1616517357926_master_axfood_100",
    "category": {
      "name": "Husdjur"
    },
    "preferences": null,
    "store": {
      "name": "Willys",
      "logoUrl": "https://digitalatjanster.se/wp-content/uploads/2020/04/willys-logo.png"
    },
    "discount": null
  },
  {
    "productName": "Agail Senior Mix Selection i Gelé",
    "price": "44,90",
    "quantity": "12p",
    "quantityUnit": "g",
    "comparisonUnit": "kg",
    "comparisonPrice": "44,02 kr",
    "brand": "Latz",
    "imageUrl": "https://d2rfo6yapuixuu.cloudfront.net/h4c/h9b/11411917111326/7613039847350_1616517354354_master_axfood_100",
    "category": {
      "name": "Husdjur"
    },
    "preferences": null,
    "store": {
      "name": "Willys",
      "logoUrl": "https://digitalatjanster.se/wp-content/uploads/2020/04/willys-logo.png"
    },
    "discount": null
  },
  {
    "productName": "Agail Junior Mix Selection i Gelé",
    "price": "44,90",
    "quantity": "12p",
    "quantityUnit": "g",
    "comparisonUnit": "kg",
    "comparisonPrice": "44,02 kr",
    "brand": "Latz",
    "imageUrl": "https://d2rfo6yapuixuu.cloudfront.net/h00/h46/11411916718110/7613039847275_1616517352301_master_axfood_100",
    "category": {
      "name": "Husdjur"
    },
    "preferences": null,
    "store": {
      "name": "Willys",
      "logoUrl": "https://digitalatjanster.se/wp-content/uploads/2020/04/willys-logo.png"
    },
    "discount": null
  },
  {
    "productName": "Partymix Original",
    "price": "47,90",
    "quantity": "200g",
    "quantityUnit": "g",
    "comparisonUnit": "kg",
    "comparisonPrice": "239,50 kr",
    "brand": "Purina",
    "imageUrl": "https://d2rfo6yapuixuu.cloudfront.net/h8e/h23/9968193437726/7613036592086_1585947196781_master_axfood_100",
    "category": {
      "name": "Husdjur"
    },
    "preferences": null,
    "store": {
      "name": "Willys",
      "logoUrl": "https://digitalatjanster.se/wp-content/uploads/2020/04/willys-logo.png"
    },
    "discount": null
  },
  {
    "productName": "Hundbajspåsar",
    "price": "10,50",
    "quantity": "50p",
    "quantityUnit": "g",
    "comparisonUnit": "st",
    "comparisonPrice": "0,21 kr",
    "brand": "First Price",
    "imageUrl": "https://d2rfo6yapuixuu.cloudfront.net/hd7/h82/10579845054494/7340083467622_1601895008497_master_axfood_100",
    "category": {
      "name": "Husdjur"
    },
    "preferences": null,
    "store": {
      "name": "Willys",
      "logoUrl": "https://digitalatjanster.se/wp-content/uploads/2020/04/willys-logo.png"
    },
    "discount": null
  },
  {
    "productName": "Kattsand",
    "price": "86,90",
    "quantity": "8l",
    "quantityUnit": "g",
    "comparisonUnit": "l",
    "comparisonPrice": "10,86 kr",
    "brand": "Mjau",
    "imageUrl": "https://d2rfo6yapuixuu.cloudfront.net/h7f/h0c/8976369909790/07311030151680.jpg_1506208828533_master_axfood_100",
    "category": {
      "name": "Husdjur"
    },
    "preferences": null,
    "store": {
      "name": "Willys",
      "logoUrl": "https://digitalatjanster.se/wp-content/uploads/2020/04/willys-logo.png"
    },
    "discount": null
  },
  {
    "productName": "Kattströ Spring Fresh",
    "price": "39,50",
    "quantity": "5l",
    "quantityUnit": "g",
    "comparisonUnit": "l",
    "comparisonPrice": "7,90 kr",
    "brand": "Cattia",
    "imageUrl": "https://d2rfo6yapuixuu.cloudfront.net/hcb/h2d/8857394053150/05700551260513.jpg_master_axfood_100",
    "category": {
      "name": "Husdjur"
    },
    "preferences": null,
    "store": {
      "name": "Willys",
      "logoUrl": "https://digitalatjanster.se/wp-content/uploads/2020/04/willys-logo.png"
    },
    "discount": null
  },
  {
    "productName": "Spring Fresh Kattströ",
    "price": "74,90",
    "quantity": "10l",
    "quantityUnit": "g",
    "comparisonUnit": "l",
    "comparisonPrice": "7,49 kr",
    "brand": "Cattia",
    "imageUrl": "https://d2rfo6yapuixuu.cloudfront.net/ha4/he2/11650096070686/5700551260650_1620599476605_master_axfood_100",
    "category": {
      "name": "Husdjur"
    },
    "preferences": null,
    "store": {
      "name": "Willys",
      "logoUrl": "https://digitalatjanster.se/wp-content/uploads/2020/04/willys-logo.png"
    },
    "discount": null
  },
  {
    "productName": "Kattströ Klumpbildande",
    "price": "39,50",
    "quantity": "5l",
    "quantityUnit": "g",
    "comparisonUnit": "l",
    "comparisonPrice": "7,90 kr",
    "brand": "Cattia",
    "imageUrl": "https://d2rfo6yapuixuu.cloudfront.net/h2b/h0b/8856271519774/05700551260308.jpg_master_axfood_100",
    "category": {
      "name": "Husdjur"
    },
    "preferences": null,
    "store": {
      "name": "Willys",
      "logoUrl": "https://digitalatjanster.se/wp-content/uploads/2020/04/willys-logo.png"
    },
    "discount": null
  },
  {
    "productName": "Silica Kattsand",
    "price": "85,00",
    "quantity": "8l",
    "quantityUnit": "g",
    "comparisonUnit": "l",
    "comparisonPrice": "10,63 kr",
    "brand": "Smart Cat",
    "imageUrl": "https://d2rfo6yapuixuu.cloudfront.net/hc6/haa/9420205981726/7340083473821_1554108968517_master_axfood_100",
    "category": {
      "name": "Husdjur"
    },
    "preferences": null,
    "store": {
      "name": "Willys",
      "logoUrl": "https://digitalatjanster.se/wp-content/uploads/2020/04/willys-logo.png"
    },
    "discount": null
  },
  {
    "productName": "Tuggpinne Kyckling & Ankfilé",
    "price": "68,50",
    "quantity": "35p",
    "quantityUnit": "g",
    "comparisonUnit": "st",
    "comparisonPrice": "1,96 kr",
    "brand": "Bones",
    "imageUrl": "https://d2rfo6yapuixuu.cloudfront.net/h65/h61/11618467348510/5700551129018_1620046231218_master_axfood_100",
    "category": {
      "name": "Husdjur"
    },
    "preferences": null,
    "store": {
      "name": "Willys",
      "logoUrl": "https://digitalatjanster.se/wp-content/uploads/2020/04/willys-logo.png"
    },
    "discount": null
  },
  {
    "productName": "Kattmat Kyckl/lamm/lax/tonf",
    "price": "38,90",
    "quantity": "12x85g",
    "quantityUnit": "g",
    "comparisonUnit": "kg",
    "comparisonPrice": "38,14 kr",
    "brand": "Friskies",
    "imageUrl": "https://d2rfo6yapuixuu.cloudfront.net/h58/hb3/9609136767006/7613036987356_1569801674960_master_axfood_100",
    "category": {
      "name": "Husdjur"
    },
    "preferences": null,
    "store": {
      "name": "Willys",
      "logoUrl": "https://digitalatjanster.se/wp-content/uploads/2020/04/willys-logo.png"
    },
    "discount": null
  },
  {
    "productName": "Kattmat Ox/kalkon/lever/anka",
    "price": "38,90",
    "quantity": "12x85g",
    "quantityUnit": "g",
    "comparisonUnit": "kg",
    "comparisonPrice": "38,14 kr",
    "brand": "Friskies",
    "imageUrl": "https://d2rfo6yapuixuu.cloudfront.net/h0c/h5e/9609137160222/7613036987370_1569801679497_master_axfood_100",
    "category": {
      "name": "Husdjur"
    },
    "preferences": null,
    "store": {
      "name": "Willys",
      "logoUrl": "https://digitalatjanster.se/wp-content/uploads/2020/04/willys-logo.png"
    },
    "discount": null
  },
  {
    "productName": "Fresh & Easy Kattströ",
    "price": "119,00",
    "quantity": "10l",
    "quantityUnit": "g",
    "comparisonUnit": "l",
    "comparisonPrice": "11,90 kr",
    "brand": "Best Friend",
    "imageUrl": "https://d2rfo6yapuixuu.cloudfront.net/h18/hd9/11761344118814/5700551260230_1622708417655_master_axfood_100",
    "category": {
      "name": "Husdjur"
    },
    "preferences": null,
    "store": {
      "name": "Willys",
      "logoUrl": "https://digitalatjanster.se/wp-content/uploads/2020/04/willys-logo.png"
    },
    "discount": null
  },
  {
    "productName": "Kycklingfiléer Hundgodis",
    "price": "107,00",
    "quantity": "750g",
    "quantityUnit": "g",
    "comparisonUnit": "kg",
    "comparisonPrice": "142,66 kr",
    "brand": "Natural Bites",
    "imageUrl": "https://d2rfo6yapuixuu.cloudfront.net/h47/h6f/9107037716510/5700551129438_1523145679367_master_axfood_100",
    "category": {
      "name": "Husdjur"
    },
    "preferences": null,
    "store": {
      "name": "Willys",
      "logoUrl": "https://digitalatjanster.se/wp-content/uploads/2020/04/willys-logo.png"
    },
    "discount": null
  },
  {
    "productName": "Brukssnus Vit Portion Portionssnus",
    "price": "199,00",
    "quantity": "12gx10",
    "quantityUnit": "g",
    "comparisonUnit": "kg",
    "comparisonPrice": "1 658,33 kr",
    "brand": "Smålands",
    "imageUrl": "https://d2rfo6yapuixuu.cloudfront.net/h3d/h03/9205667397662/7350013614972_1534518672439_master_axfood_100",
    "category": {
      "name": "Övrigt"
    },
    "preferences": null,
    "store": {
      "name": "Willys",
      "logoUrl": "https://digitalatjanster.se/wp-content/uploads/2020/04/willys-logo.png"
    },
    "discount": null
  },
  {
    "productName": "Brukssnus Portion Portionssnus",
    "price": "199,00",
    "quantity": "15,2gx10",
    "quantityUnit": "g",
    "comparisonUnit": "kg",
    "comparisonPrice": "1 309,20 kr",
    "brand": "Smålands",
    "imageUrl": "https://d2rfo6yapuixuu.cloudfront.net/h52/h07/9205667069982/7350013614934_1534518653934_master_axfood_100",
    "category": {
      "name": "Övrigt"
    },
    "preferences": null,
    "store": {
      "name": "Willys",
      "logoUrl": "https://digitalatjanster.se/wp-content/uploads/2020/04/willys-logo.png"
    },
    "discount": null
  },
  {
    "productName": "Brukssnus Lös Lössnus",
    "price": "389,00",
    "quantity": "35gx10",
    "quantityUnit": "g",
    "comparisonUnit": "kg",
    "comparisonPrice": "1 111,41 kr",
    "brand": "Smålands",
    "imageUrl": "https://d2rfo6yapuixuu.cloudfront.net/h9f/hf7/8905406316574/07350013614170.jpg_1488444967632_master_axfood_100",
    "category": {
      "name": "Övrigt"
    },
    "preferences": null,
    "store": {
      "name": "Willys",
      "logoUrl": "https://digitalatjanster.se/wp-content/uploads/2020/04/willys-logo.png"
    },
    "discount": null
  },
  {
    "productName": "Vit Portionssnus",
    "price": "219,00",
    "quantity": "10p/16g",
    "quantityUnit": "g",
    "comparisonUnit": "kg",
    "comparisonPrice": "1 368,75 kr",
    "brand": "Kaliber",
    "imageUrl": "https://d2rfo6yapuixuu.cloudfront.net/hc6/h0b/9276751511582/7311250109416_1541767837870_master_axfood_100",
    "category": {
      "name": "Övrigt"
    },
    "preferences": null,
    "store": {
      "name": "Willys",
      "logoUrl": "https://digitalatjanster.se/wp-content/uploads/2020/04/willys-logo.png"
    },
    "discount": null
  },
  {
    "productName": "Original Portionssnus",
    "price": "219,00",
    "quantity": "18gx10",
    "quantityUnit": "g",
    "comparisonUnit": "kg",
    "comparisonPrice": "1 216,68 kr",
    "brand": "Kaliber",
    "imageUrl": "https://d2rfo6yapuixuu.cloudfront.net/h26/h2b/10650323255326/7311250109409_1603471849635_master_axfood_100",
    "category": {
      "name": "Övrigt"
    },
    "preferences": null,
    "store": {
      "name": "Willys",
      "logoUrl": "https://digitalatjanster.se/wp-content/uploads/2020/04/willys-logo.png"
    },
    "discount": null
  },
  {
    "productName": "+ Vit Portion Snus",
    "price": "229,00",
    "quantity": "18gx10",
    "quantityUnit": "g",
    "comparisonUnit": "kg",
    "comparisonPrice": "1 272,23 kr",
    "brand": "Kaliber",
    "imageUrl": "https://d2rfo6yapuixuu.cloudfront.net/h21/h67/9276750987294/7311250104541_1541767831899_master_axfood_100",
    "category": {
      "name": "Övrigt"
    },
    "preferences": null,
    "store": {
      "name": "Willys",
      "logoUrl": "https://digitalatjanster.se/wp-content/uploads/2020/04/willys-logo.png"
    },
    "discount": null
  },
  {
    "productName": "Vit Salmiak Portionssnus",
    "price": "219,00",
    "quantity": "10p/16g",
    "quantityUnit": "g",
    "comparisonUnit": "kg",
    "comparisonPrice": "1 368,75 kr",
    "brand": "Kaliber",
    "imageUrl": "https://d2rfo6yapuixuu.cloudfront.net/hbc/h86/9276750004254/7311250104268_1541767824510_master_axfood_100",
    "category": {
      "name": "Övrigt"
    },
    "preferences": null,
    "store": {
      "name": "Willys",
      "logoUrl": "https://digitalatjanster.se/wp-content/uploads/2020/04/willys-logo.png"
    },
    "discount": null
  },
  {
    "productName": "+ Original Portion Snus",
    "price": "229,00",
    "quantity": "18gx10",
    "quantityUnit": "g",
    "comparisonUnit": "kg",
    "comparisonPrice": "1 272,23 kr",
    "brand": "Kaliber",
    "imageUrl": "https://d2rfo6yapuixuu.cloudfront.net/h7f/h95/10650322206750/7311250104534_1603471843591_master_axfood_100",
    "category": {
      "name": "Övrigt"
    },
    "preferences": null,
    "store": {
      "name": "Willys",
      "logoUrl": "https://digitalatjanster.se/wp-content/uploads/2020/04/willys-logo.png"
    },
    "discount": null
  },
  {
    "productName": "Kronan Portion Snus",
    "price": "259,00",
    "quantity": "21,6gx10",
    "quantityUnit": "g",
    "comparisonUnit": "kg",
    "comparisonPrice": "1 199,07 kr",
    "brand": "Kronan",
    "imageUrl": "https://d2rfo6yapuixuu.cloudfront.net/hef/h8a/10650322534430/7311250104923_1603471845580_master_axfood_100",
    "category": {
      "name": "Övrigt"
    },
    "preferences": null,
    "store": {
      "name": "Willys",
      "logoUrl": "https://digitalatjanster.se/wp-content/uploads/2020/04/willys-logo.png"
    },
    "discount": null
  },
  {
    "productName": "Kronan Vit Portion Snus",
    "price": "259,00",
    "quantity": "19,2gx10",
    "quantityUnit": "g",
    "comparisonUnit": "kg",
    "comparisonPrice": "1 348,95 kr",
    "brand": "Kronan",
    "imageUrl": "https://d2rfo6yapuixuu.cloudfront.net/hd9/h23/9387761270814/7311250104930_1551453355145_master_axfood_100",
    "category": {
      "name": "Övrigt"
    },
    "preferences": null,
    "store": {
      "name": "Willys",
      "logoUrl": "https://digitalatjanster.se/wp-content/uploads/2020/04/willys-logo.png"
    },
    "discount": null
  },
  {
    "productName": "Kronan Lös Lössnus",
    "price": "409,00",
    "quantity": "10p/42g",
    "quantityUnit": "g",
    "comparisonUnit": "kg",
    "comparisonPrice": "973,83 kr",
    "brand": "Kronan",
    "imageUrl": "https://d2rfo6yapuixuu.cloudfront.net/hc3/h10/8916582563870/07311250109225.jpg_1491727268764_master_axfood_100",
    "category": {
      "name": "Övrigt"
    },
    "preferences": null,
    "store": {
      "name": "Willys",
      "logoUrl": "https://digitalatjanster.se/wp-content/uploads/2020/04/willys-logo.png"
    },
    "discount": null
  },
  {
    "productName": "Kronan Stark Portion Snus",
    "price": "259,00",
    "quantity": "21,6gx10",
    "quantityUnit": "g",
    "comparisonUnit": "kg",
    "comparisonPrice": "1 199,07 kr",
    "brand": "Kronan",
    "imageUrl": "https://d2rfo6yapuixuu.cloudfront.net/h83/hf0/10650318077982/7311250104916_1603471538877_master_axfood_100",
    "category": {
      "name": "Övrigt"
    },
    "preferences": null,
    "store": {
      "name": "Willys",
      "logoUrl": "https://digitalatjanster.se/wp-content/uploads/2020/04/willys-logo.png"
    },
    "discount": null
  },
  {
    "productName": "Kronan Stark Vit Snus",
    "price": "259,00",
    "quantity": "19,2gx10",
    "quantityUnit": "g",
    "comparisonUnit": "kg",
    "comparisonPrice": "1 348,95 kr",
    "brand": "Kronan",
    "imageUrl": "https://d2rfo6yapuixuu.cloudfront.net/h28/h02/9387758780446/7311250104909_1551453336521_master_axfood_100",
    "category": {
      "name": "Övrigt"
    },
    "preferences": null,
    "store": {
      "name": "Willys",
      "logoUrl": "https://digitalatjanster.se/wp-content/uploads/2020/04/willys-logo.png"
    },
    "discount": null
  },
  {
    "productName": "Granit Vit Portionssnus",
    "price": "269,00",
    "quantity": "17.6gx10",
    "quantityUnit": "g",
    "comparisonUnit": "kg",
    "comparisonPrice": "1 528,40 kr",
    "brand": "Granit",
    "imageUrl": "https://d2rfo6yapuixuu.cloudfront.net/ha9/hbf/10872716984350/7350015506763_1606394730285_master_axfood_100",
    "category": {
      "name": "Övrigt"
    },
    "preferences": null,
    "store": {
      "name": "Willys",
      "logoUrl": "https://digitalatjanster.se/wp-content/uploads/2020/04/willys-logo.png"
    },
    "discount": null
  },
  {
    "productName": "Granit Original Portionssnus",
    "price": "269,00",
    "quantity": "18,7gx10",
    "quantityUnit": "g",
    "comparisonUnit": "kg",
    "comparisonPrice": "1 438,50 kr",
    "brand": "Granit",
    "imageUrl": "https://d2rfo6yapuixuu.cloudfront.net/h59/h55/10872681660446/7350106394903_1606312822657_master_axfood_100",
    "category": {
      "name": "Övrigt"
    },
    "preferences": null,
    "store": {
      "name": "Willys",
      "logoUrl": "https://digitalatjanster.se/wp-content/uploads/2020/04/willys-logo.png"
    },
    "discount": null
  },
  {
    "productName": "Lössnus Snus",
    "price": "439,00",
    "quantity": "40gx10",
    "quantityUnit": "g",
    "comparisonUnit": "kg",
    "comparisonPrice": "1 097,50 kr",
    "brand": "Granit",
    "imageUrl": "https://d2rfo6yapuixuu.cloudfront.net/h42/he0/10872639389726/7350015508156_1606312819250_master_axfood_100",
    "category": {
      "name": "Övrigt"
    },
    "preferences": null,
    "store": {
      "name": "Willys",
      "logoUrl": "https://digitalatjanster.se/wp-content/uploads/2020/04/willys-logo.png"
    },
    "discount": null
  },
  {
    "productName": "Granit Stark Vit Portion",
    "price": "269,00",
    "quantity": "17,6gx10",
    "quantityUnit": "g",
    "comparisonUnit": "kg",
    "comparisonPrice": "1 528,40 kr",
    "brand": "Granit",
    "imageUrl": "https://d2rfo6yapuixuu.cloudfront.net/h62/hec/8947971915806/07350015500181.jpg_1500028526380_master_axfood_100",
    "category": {
      "name": "Övrigt"
    },
    "preferences": null,
    "store": {
      "name": "Willys",
      "logoUrl": "https://digitalatjanster.se/wp-content/uploads/2020/04/willys-logo.png"
    },
    "discount": null
  },
  {
    "productName": "Granit Strong Portionssnus",
    "price": "269,00",
    "quantity": "18,7gx10",
    "quantityUnit": "g",
    "comparisonUnit": "kg",
    "comparisonPrice": "1 438,50 kr",
    "brand": "Granit",
    "imageUrl": "https://d2rfo6yapuixuu.cloudfront.net/h98/he3/10872728977438/7350106394941_1606394422004_master_axfood_100",
    "category": {
      "name": "Övrigt"
    },
    "preferences": null,
    "store": {
      "name": "Willys",
      "logoUrl": "https://digitalatjanster.se/wp-content/uploads/2020/04/willys-logo.png"
    },
    "discount": null
  },
  {
    "productName": "Winston Green Cigaretter",
    "price": "58,00",
    "quantity": "20st",
    "quantityUnit": "g",
    "comparisonUnit": "st",
    "comparisonPrice": "2,90 kr",
    "brand": "Winston",
    "imageUrl": "https://d2rfo6yapuixuu.cloudfront.net/h42/hbc/10504517189662/73177043_1600035332906_master_axfood_100",
    "category": {
      "name": "Övrigt"
    },
    "preferences": null,
    "store": {
      "name": "Willys",
      "logoUrl": "https://digitalatjanster.se/wp-content/uploads/2020/04/willys-logo.png"
    },
    "discount": null
  },
  {
    "productName": "Winston Green 100 Cigaretter",
    "price": "58,00",
    "quantity": "20st",
    "quantityUnit": "g",
    "comparisonUnit": "st",
    "comparisonPrice": "2,90 kr",
    "brand": "Winston",
    "imageUrl": "https://d2rfo6yapuixuu.cloudfront.net/hb9/h11/10504523415582/73177050_1600035645530_master_axfood_100",
    "category": {
      "name": "Övrigt"
    },
    "preferences": null,
    "store": {
      "name": "Willys",
      "logoUrl": "https://digitalatjanster.se/wp-content/uploads/2020/04/willys-logo.png"
    },
    "discount": null
  },
  {
    "productName": "Mint 4mg Munhålepulver",
    "price": "56,90",
    "quantity": "20p",
    "quantityUnit": "g",
    "comparisonUnit": "st",
    "comparisonPrice": "2,85 kr",
    "brand": "Zonnic",
    "imageUrl": "https://d2rfo6yapuixuu.cloudfront.net/h98/h1a/11514791264286/7350042420100_1618490755352_master_axfood_100",
    "category": {
      "name": "Övrigt"
    },
    "preferences": null,
    "store": {
      "name": "Willys",
      "logoUrl": "https://digitalatjanster.se/wp-content/uploads/2020/04/willys-logo.png"
    },
    "discount": null
  },
  {
    "productName": "Mint 2mg Munhålepulver",
    "price": "56,50",
    "quantity": "20p",
    "quantityUnit": "g",
    "comparisonUnit": "st",
    "comparisonPrice": "2,83 kr",
    "brand": "Zonnic",
    "imageUrl": "https://d2rfo6yapuixuu.cloudfront.net/h27/h25/11514791591966/7350042420131_1618490759053_master_axfood_100",
    "category": {
      "name": "Övrigt"
    },
    "preferences": null,
    "store": {
      "name": "Willys",
      "logoUrl": "https://digitalatjanster.se/wp-content/uploads/2020/04/willys-logo.png"
    },
    "discount": null
  },
  {
    "productName": "Pepparmint 40 Doser Munhålespray",
    "price": "64,90",
    "quantity": "40spray",
    "quantityUnit": "g",
    "comparisonUnit": "st",
    "comparisonPrice": "1,62 kr",
    "brand": "Zonnic",
    "imageUrl": "https://d2rfo6yapuixuu.cloudfront.net/hba/hcd/11630610317342/7350042420124_1620218747522_master_axfood_100",
    "category": {
      "name": "Övrigt"
    },
    "preferences": null,
    "store": {
      "name": "Willys",
      "logoUrl": "https://digitalatjanster.se/wp-content/uploads/2020/04/willys-logo.png"
    },
    "discount": null
  },
  {
    "productName": "Pepparmint 2mg Nikotintuggummi",
    "price": "189,00",
    "quantity": "96p",
    "quantityUnit": "g",
    "comparisonUnit": "st",
    "comparisonPrice": "1,97 kr",
    "brand": "Nicotinell",
    "imageUrl": "https://d2rfo6yapuixuu.cloudfront.net/hb2/he7/9661823975454/7046260492073_1573052449498_master_axfood_100",
    "category": {
      "name": "Övrigt"
    },
    "preferences": null,
    "store": {
      "name": "Willys",
      "logoUrl": "https://digitalatjanster.se/wp-content/uploads/2020/04/willys-logo.png"
    },
    "discount": null
  },
  {
    "productName": "Tropisk 2mg Nikotintuggummi",
    "price": "189,00",
    "quantity": "96p",
    "quantityUnit": "g",
    "comparisonUnit": "st",
    "comparisonPrice": "1,97 kr",
    "brand": "Nicotinell",
    "imageUrl": "https://d2rfo6yapuixuu.cloudfront.net/h71/ha4/9661806411806/7046264592113_1573051230068_master_axfood_100",
    "category": {
      "name": "Övrigt"
    },
    "preferences": null,
    "store": {
      "name": "Willys",
      "logoUrl": "https://digitalatjanster.se/wp-content/uploads/2020/04/willys-logo.png"
    },
    "discount": null
  },
  {
    "productName": "Mint 2mg Nikotintuggummi",
    "price": "189,00",
    "quantity": "96p",
    "quantityUnit": "g",
    "comparisonUnit": "st",
    "comparisonPrice": "1,97 kr",
    "brand": "Nicotinell",
    "imageUrl": "https://d2rfo6yapuixuu.cloudfront.net/h98/h36/9661820436510/7046260197824_1573052149205_master_axfood_100",
    "category": {
      "name": "Övrigt"
    },
    "preferences": null,
    "store": {
      "name": "Willys",
      "logoUrl": "https://digitalatjanster.se/wp-content/uploads/2020/04/willys-logo.png"
    },
    "discount": null
  },
  {
    "productName": "Mint 2mg Nikotintuggummi",
    "price": "59,90",
    "quantity": "24p",
    "quantityUnit": "g",
    "comparisonUnit": "st",
    "comparisonPrice": "2,50 kr",
    "brand": "Nicotinell",
    "imageUrl": "https://d2rfo6yapuixuu.cloudfront.net/h27/h41/9661820108830/7046260125773_1573052146969_master_axfood_100",
    "category": {
      "name": "Övrigt"
    },
    "preferences": null,
    "store": {
      "name": "Willys",
      "logoUrl": "https://digitalatjanster.se/wp-content/uploads/2020/04/willys-logo.png"
    },
    "discount": null
  },
  {
    "productName": "Tropisk 2mg Nikotintuggummi",
    "price": "59,90",
    "quantity": "24p",
    "quantityUnit": "g",
    "comparisonUnit": "st",
    "comparisonPrice": "2,50 kr",
    "brand": "Nicotinell",
    "imageUrl": "https://d2rfo6yapuixuu.cloudfront.net/h96/h2b/9661809033246/7046263798257_1573051543145_master_axfood_100",
    "category": {
      "name": "Övrigt"
    },
    "preferences": null,
    "store": {
      "name": "Willys",
      "logoUrl": "https://digitalatjanster.se/wp-content/uploads/2020/04/willys-logo.png"
    },
    "discount": null
  },
  {
    "productName": "Mint 2mg Nikotintuggummi",
    "price": "339,00",
    "quantity": "204p",
    "quantityUnit": "g",
    "comparisonUnit": "st",
    "comparisonPrice": "1,66 kr",
    "brand": "Nicotinell",
    "imageUrl": "https://d2rfo6yapuixuu.cloudfront.net/h8c/h10/9649941512222/7046263939599_1572338475971_master_axfood_100",
    "category": {
      "name": "Övrigt"
    },
    "preferences": null,
    "store": {
      "name": "Willys",
      "logoUrl": "https://digitalatjanster.se/wp-content/uploads/2020/04/willys-logo.png"
    },
    "discount": null
  },
  {
    "productName": "Bx7 Tändare",
    "price": "18,90",
    "quantity": "3p",
    "quantityUnit": "g",
    "comparisonUnit": "st",
    "comparisonPrice": "6,30 kr",
    "brand": "Bic",
    "imageUrl": "https://d2rfo6yapuixuu.cloudfront.net/h27/ha0/8856885592094/03086123265844.jpg_master_axfood_100",
    "category": {
      "name": "Övrigt"
    },
    "preferences": null,
    "store": {
      "name": "Willys",
      "logoUrl": "https://digitalatjanster.se/wp-content/uploads/2020/04/willys-logo.png"
    },
    "discount": null
  },
  {
    "productName": "Bx7 Tändare",
    "price": "9,90",
    "quantity": "",
    "quantityUnit": "g",
    "comparisonUnit": "",
    "comparisonPrice": "",
    "brand": "Bic",
    "imageUrl": "https://d2rfo6yapuixuu.cloudfront.net/hce/h5e/8867188965406/03086123210288.jpg_1466596252070_master_axfood_100",
    "category": {
      "name": "Övrigt"
    },
    "preferences": null,
    "store": {
      "name": "Willys",
      "logoUrl": "https://digitalatjanster.se/wp-content/uploads/2020/04/willys-logo.png"
    },
    "discount": null
  },
  {
    "productName": "Bic Motiv Cr Tändare",
    "price": "10,90",
    "quantity": "1p",
    "quantityUnit": "g",
    "comparisonUnit": "st",
    "comparisonPrice": "10,90 kr",
    "brand": "Bic",
    "imageUrl": "https://d2rfo6yapuixuu.cloudfront.net/hbc/h04/8894208639006/03086126788487.jpg_1485167169740_master_axfood_100",
    "category": {
      "name": "Övrigt"
    },
    "preferences": null,
    "store": {
      "name": "Willys",
      "logoUrl": "https://digitalatjanster.se/wp-content/uploads/2020/04/willys-logo.png"
    },
    "discount": null
  },
  {
    "productName": "Bic Electronic Cr Tändare",
    "price": "12,50",
    "quantity": "",
    "quantityUnit": "g",
    "comparisonUnit": "",
    "comparisonPrice": "",
    "brand": "Bic",
    "imageUrl": "https://d2rfo6yapuixuu.cloudfront.net/h66/h6e/8894209622046/03086126789880.jpg_1485167189926_master_axfood_100",
    "category": {
      "name": "Övrigt"
    },
    "preferences": null,
    "store": {
      "name": "Willys",
      "logoUrl": "https://digitalatjanster.se/wp-content/uploads/2020/04/willys-logo.png"
    },
    "discount": null
  },
  {
    "productName": "Nicotinell 2mg Mint Sugtabletter",
    "price": "239,00",
    "quantity": "96st",
    "quantityUnit": "g",
    "comparisonUnit": "st",
    "comparisonPrice": "2,49 kr",
    "brand": "Nicotinell",
    "imageUrl": "https://d2rfo6yapuixuu.cloudfront.net/h2e/hc0/9846022963230/7046260050594_1573052140278_master_axfood_100",
    "category": {
      "name": "Övrigt"
    },
    "preferences": null,
    "store": {
      "name": "Willys",
      "logoUrl": "https://digitalatjanster.se/wp-content/uploads/2020/04/willys-logo.png"
    },
    "discount": null
  },
  {
    "productName": "Fruktmint 2mg Nikotintuggummi",
    "price": "194,00",
    "quantity": "105p",
    "quantityUnit": "g",
    "comparisonUnit": "st",
    "comparisonPrice": "1,84 kr",
    "brand": "Nicorette",
    "imageUrl": "https://d2rfo6yapuixuu.cloudfront.net/hf5/h58/10872709775390/7046260327696_1606209906813_master_axfood_100",
    "category": {
      "name": "Övrigt"
    },
    "preferences": null,
    "store": {
      "name": "Willys",
      "logoUrl": "https://digitalatjanster.se/wp-content/uploads/2020/04/willys-logo.png"
    },
    "discount": null
  },
  {
    "productName": "Fruktmint 2mg Nikotintuggummi",
    "price": "355,00",
    "quantity": "210st",
    "quantityUnit": "g",
    "comparisonUnit": "st",
    "comparisonPrice": "1,70 kr",
    "brand": "Nicorette",
    "imageUrl": "https://d2rfo6yapuixuu.cloudfront.net/hcd/h1e/10872682971166/7046260327788_1606209369723_master_axfood_100",
    "category": {
      "name": "Övrigt"
    },
    "preferences": null,
    "store": {
      "name": "Willys",
      "logoUrl": "https://digitalatjanster.se/wp-content/uploads/2020/04/willys-logo.png"
    },
    "discount": null
  },
  {
    "productName": "Nicorette 2mg Nikotintuggummi",
    "price": "194,00",
    "quantity": "105 st",
    "quantityUnit": "g",
    "comparisonUnit": "st",
    "comparisonPrice": "1,84 kr",
    "brand": "Nicorette",
    "imageUrl": "https://d2rfo6yapuixuu.cloudfront.net/ha3/h80/10872741036062/7046260155145_1606209368225_master_axfood_100",
    "category": {
      "name": "Övrigt"
    },
    "preferences": null,
    "store": {
      "name": "Willys",
      "logoUrl": "https://digitalatjanster.se/wp-content/uploads/2020/04/willys-logo.png"
    },
    "discount": null
  },
  {
    "productName": "Fruktmint 2mg Nikotintuggummi",
    "price": "69,90",
    "quantity": "30p",
    "quantityUnit": "g",
    "comparisonUnit": "st",
    "comparisonPrice": "2,33 kr",
    "brand": "Nicorette",
    "imageUrl": "https://d2rfo6yapuixuu.cloudfront.net/h2e/h5d/10112003538974/7046260327603_1589540726729_master_axfood_100",
    "category": {
      "name": "Övrigt"
    },
    "preferences": null,
    "store": {
      "name": "Willys",
      "logoUrl": "https://digitalatjanster.se/wp-content/uploads/2020/04/willys-logo.png"
    },
    "discount": null
  },
  {
    "productName": "Tändstickor Solstickan Bruksask",
    "price": "15,90",
    "quantity": "8p",
    "quantityUnit": "g",
    "comparisonUnit": "st",
    "comparisonPrice": "0,04 kr",
    "brand": "Solstickan",
    "imageUrl": "https://d2rfo6yapuixuu.cloudfront.net/hf2/hd0/9020345843742/07310680022517.jpg_1512481218351_master_axfood_100",
    "category": {
      "name": "Övrigt"
    },
    "preferences": null,
    "store": {
      "name": "Willys",
      "logoUrl": "https://digitalatjanster.se/wp-content/uploads/2020/04/willys-logo.png"
    },
    "discount": null
  },
  {
    "productName": "Tändstickor Hushåll",
    "price": "13,90",
    "quantity": "240st",
    "quantityUnit": "g",
    "comparisonUnit": "st",
    "comparisonPrice": "0,06 kr",
    "brand": "Solstickan",
    "imageUrl": "https://d2rfo6yapuixuu.cloudfront.net/h60/hf7/9019511177246/07310680023118.jpg_1512417961729_master_axfood_100",
    "category": {
      "name": "Övrigt"
    },
    "preferences": null,
    "store": {
      "name": "Willys",
      "logoUrl": "https://digitalatjanster.se/wp-content/uploads/2020/04/willys-logo.png"
    },
    "discount": null
  },
  {
    "productName": "Triss Lott",
    "price": "30,00",
    "quantity": "",
    "quantityUnit": "g",
    "comparisonUnit": "",
    "comparisonPrice": "",
    "brand": "Svenska Spel",
    "imageUrl": "https://d2rfo6yapuixuu.cloudfront.net/hbf/h42/12045378519070/73112181_1630598773840_master_axfood_100",
    "category": {
      "name": "Övrigt"
    },
    "preferences": null,
    "store": {
      "name": "Willys",
      "logoUrl": "https://digitalatjanster.se/wp-content/uploads/2020/04/willys-logo.png"
    },
    "discount": null
  },
  {
    "productName": "Sverigelotten",
    "price": "25,00",
    "quantity": "",
    "quantityUnit": "g",
    "comparisonUnit": "",
    "comparisonPrice": "",
    "brand": "Folkspel",
    "imageUrl": "https://d2rfo6yapuixuu.cloudfront.net/ha7/h6e/12028901916702/73102021_1630195519501_master_axfood_100",
    "category": {
      "name": "Övrigt"
    },
    "preferences": null,
    "store": {
      "name": "Willys",
      "logoUrl": "https://digitalatjanster.se/wp-content/uploads/2020/04/willys-logo.png"
    },
    "discount": null
  }
]